<?xml version="1.0" encoding="UTF-8"?>
<!DOCTYPE html PUBLIC "-//W3C//DTD XHTML 1.0 Transitional//EN"
    "http://www.w3.org/TR/xhtml1/DTD/xhtml1-transitional.dtd">
<html xmlns="http://www.w3.org/1999/xhtml" xml:lang="en" lang="en">
 <head>
  <title>
</title>
<meta http-equiv="Content-Type" content="text/html;charset=utf-8" />
  <meta name='ocr-system' content='tesseract 3.04.00' />
  <meta name='ocr-capabilities' content='ocr_page ocr_carea ocr_par ocr_line ocrx_word'/>
</head>
<body>
  <div class='ocr_page' id='page_1' title='image "./historiaenatura00plingoog/historiaenatura00plingoog_0085.png"; bbox 0 0 4330 6014; ppageno 0'>
   <div class='ocr_carea' id='block_1_1' title="bbox 345 298 1821 411">
    <p class='ocr_par' dir='ltr' id='par_1_1' title="bbox 345 298 1821 411">
     <span class='ocr_line' id='line_1_1' title="bbox 345 298 1821 411; baseline -0.014 -4"><span class='ocrx_word' id='word_1_1' title='bbox 345 348 389 411; x_wconf 77' lang='lat' dir='ltr'><strong>rs</strong></span> <span class='ocrx_word' id='word_1_2' title='bbox 536 343 569 404; x_wconf 90' lang='lat' dir='ltr'><strong>c.</strong></span> <span class='ocrx_word' id='word_1_3' title='bbox 612 339 760 402; x_wconf 80' lang='lat' dir='ltr'><strong>rursu</strong></span> <span class='ocrx_word' id='word_1_4' title='bbox 805 298 1009 397; x_wconf 77' lang='lat' dir='ltr'><strong>secusne</strong></span> <span class='ocrx_word' id='word_1_5' title='bbox 1052 329 1218 394; x_wconf 74' lang='lat' dir='ltr'><strong>neren</strong></span> <span class='ocrx_word' id='word_1_6' title='bbox 1261 330 1449 394; x_wconf 85' lang='lat' dir='ltr'><strong>ursron</strong></span> <span class='ocrx_word' id='word_1_7' title='bbox 1493 330 1639 390; x_wconf 59' lang='lat' dir='ltr'><strong>urar.</strong></span> <span class='ocrx_word' id='word_1_8' title='bbox 1682 324 1821 391; x_wconf 78' lang='lat' dir='ltr'><strong>cunr.</strong></span> 
     </span>
    </p>
   </div>
   <div class='ocr_carea' id='block_1_2' title="bbox 344 483 1154 628">
    <p class='ocr_par' dir='ltr' id='par_1_2' title="bbox 344 483 1154 628">
     <span class='ocr_line' id='line_1_2' title="bbox 344 483 1154 566; baseline -0.02 -16"><span class='ocrx_word' id='word_1_9' title='bbox 344 510 399 566; x_wconf 86' lang='lat' dir='ltr'><strong>que</strong></span> <span class='ocrx_word' id='word_1_10' title='bbox 409 495 446 548; x_wconf 91' lang='lat' dir='ltr'><strong>ad</strong></span> <span class='ocrx_word' id='word_1_11' title='bbox 458 496 487 548; x_wconf 81' lang='lat' dir='ltr'><strong>c.</strong></span> <span class='ocrx_word' id='word_1_12' title='bbox 500 495 646 547; x_wconf 81' lang='lat' dir='ltr'><strong>Caesarem</strong></span> <span class='ocrx_word' id='word_1_13' title='bbox 658 484 816 543; x_wconf 80' lang='lat' dir='ltr'>Germanici</span> <span class='ocrx_word' id='word_1_14' title='bbox 826 484 914 536; x_wconf 85' lang='lat' dir='ltr'><strong>tilium</strong></span> <span class='ocrx_word' id='word_1_15' title='bbox 925 498 1025 553; x_wconf 84' lang='lat' dir='ltr'><strong>regna,</strong></span> <span class='ocrx_word' id='word_1_16' title='bbox 1036 483 1154 536; x_wconf 78' lang='lat' dir='ltr'><strong>asenna</strong></span> 
     </span>
     <span class='ocr_line' id='line_1_3' title="bbox 345 554 1153 628; baseline -0.021 -9"><span class='ocrx_word' id='word_1_17' title='bbox 345 567 405 622; x_wconf 89' lang='lat' dir='ltr'><strong>eius</strong></span> <span class='ocrx_word' id='word_1_18' title='bbox 415 567 445 617; x_wconf 91' lang='lat' dir='ltr'><strong>in</strong></span> <span class='ocrx_word' id='word_1_19' title='bbox 455 564 525 617; x_wconf 88' lang='lat' dir='ltr'><strong>duas</strong></span> <span class='ocrx_word' id='word_1_20' title='bbox 535 565 642 616; x_wconf 82' lang='lat' dir='ltr'><strong>divisae</strong></span> <span class='ocrx_word' id='word_1_21' title='bbox 653 556 821 628; x_wconf 84' lang='lat' dir='ltr'><strong>provincias.</strong></span> <span class='ocrx_word' id='word_1_22' title='bbox 841 554 1063 607; x_wconf 85' lang='lat' dir='ltr'><strong>Promontorium</strong></span> <span class='ocrx_word' id='word_1_23' title='bbox 1074 568 1153 604; x_wconf 89' lang='lat' dir='ltr'><strong>ecca·</strong></span> 
     </span>
    </p>
   </div>
   <div class='ocr_carea' id='block_1_3' title="bbox 340 623 1154 5679">
    <p class='ocr_par' dir='ltr' id='par_1_3' title="bbox 341 623 1154 2223">
     <span class='ocr_line' id='line_1_4' title="bbox 344 623 1154 699; baseline -0.02 -11"><span class='ocrx_word' id='word_1_24' title='bbox 344 638 376 689; x_wconf 90' lang='lat' dir='ltr'><strong>ni</strong></span> <span class='ocrx_word' id='word_1_25' title='bbox 386 638 520 687; x_wconf 82' lang='lat' dir='ltr'><strong>extimum</strong></span> <span class='ocrx_word' id='word_1_26' title='bbox 531 630 689 699; x_wconf 74' lang='lat' dir='ltr'>Ampelusia</span> <span class='ocrx_word' id='word_1_27' title='bbox 700 626 862 677; x_wconf 89' lang='lat' dir='ltr'><strong>nominatur</strong></span> <span class='ocrx_word' id='word_1_28' title='bbox 872 640 889 675; x_wconf 88' lang='lat' dir='ltr'><strong>a</strong></span> <span class='ocrx_word' id='word_1_29' title='bbox 899 623 1024 676; x_wconf 85' lang='lat' dir='ltr'><strong>Graecis.</strong></span> <span class='ocrx_word' id='word_1_30' title='bbox 1044 623 1154 690; x_wconf 88' lang='lat' dir='ltr'><strong>Oppida</strong></span> 
     </span>
     <span class='ocr_line' id='line_1_5' title="bbox 343 692 1153 758; baseline -0.019 0"><span class='ocrx_word' id='word_1_31' title='bbox 343 696 427 758; x_wconf 79' lang='lat' dir='ltr'><strong>inere</strong></span> <span class='ocrx_word' id='word_1_32' title='bbox 438 706 520 757; x_wconf 83' lang='lat' dir='ltr'><strong>Lissa</strong></span> <span class='ocrx_word' id='word_1_33' title='bbox 530 712 559 754; x_wconf 87' lang='lat' dir='ltr'><strong>et</strong></span> <span class='ocrx_word' id='word_1_34' title='bbox 570 704 652 750; x_wconf 78' lang='lat' dir='ltr'><strong>Cotta</strong></span> <span class='ocrx_word' id='word_1_35' title='bbox 667 696 741 746; x_wconf 90' lang='lat' dir='ltr'><strong>ultra</strong></span> <span class='ocrx_word' id='word_1_36' title='bbox 755 694 898 746; x_wconf 90' lang='lat' dir='ltr'><strong>columnas</strong></span> <span class='ocrx_word' id='word_1_37' title='bbox 913 692 1059 745; x_wconf 85' lang='lat' dir='ltr'><strong>Herculis:</strong></span> <span class='ocrx_word' id='word_1_38' title='bbox 1081 707 1153 743; x_wconf 91' lang='lat' dir='ltr'><strong>nunc</strong></span> 
     </span>
     <span class='ocr_line' id='line_1_6' title="bbox 346 762 1154 842; baseline -0.017 -15"><span class='ocrx_word' id='word_1_39' title='bbox 346 782 390 827; x_wconf 89' lang='lat' dir='ltr'><strong>cst</strong></span> <span class='ocrx_word' id='word_1_40' title='bbox 400 774 498 842; x_wconf 83' lang='lat' dir='ltr'><strong>Tingi,</strong></span> <span class='ocrx_word' id='word_1_41' title='bbox 520 767 657 838; x_wconf 89' lang='lat' dir='ltr'><strong>quendam</strong></span> <span class='ocrx_word' id='word_1_42' title='bbox 670 765 705 816; x_wconf 89' lang='lat' dir='ltr'><strong>ab</strong></span> <span class='ocrx_word' id='word_1_43' title='bbox 717 765 824 815; x_wconf 78' lang='lat' dir='ltr'><strong>Antaeo</strong></span> <span class='ocrx_word' id='word_1_44' title='bbox 838 762 998 827; x_wconf 83' lang='lat' dir='ltr'><strong>conditum3</strong></span> <span class='ocrx_word' id='word_1_45' title='bbox 1019 768 1117 828; x_wconf 88' lang='lat' dir='ltr'><strong>postea</strong></span> <span class='ocrx_word' id='word_1_46' title='bbox 1135 777 1154 813; x_wconf 85' lang='lat' dir='ltr'><strong>a</strong></span> 
     </span>
     <span class='ocr_line' id='line_1_7' title="bbox 345 832 1152 951; baseline -0.019 -55"><span class='ocrx_word' id='word_1_47' title='bbox 345 842 465 896; x_wconf 84' lang='lat' dir='ltr'><strong>Claudio</strong></span> <span class='ocrx_word' id='word_1_48' title='bbox 477 841 606 900; x_wconf 75' lang='lat' dir='ltr'><strong>Caesare,</strong></span> <span class='ocrx_word' id='word_1_49' title='bbox 618 850 679 886; x_wconf 91' lang='lat' dir='ltr'><strong>cum</strong></span> <span class='ocrx_word' id='word_1_50' title='bbox 691 833 829 886; x_wconf 89' lang='lat' dir='ltr'><strong>coloniam</strong></span> <span class='ocrx_word' id='word_1_51' title='bbox 841 832 957 893; x_wconf 84' lang='lat' dir='ltr'><strong>iaceret,</strong></span> <span class='ocrx_word' id='word_1_52' title='bbox 979 832 1152 951; x_wconf 57' lang='lat' dir='ltr'><strong>negotiatum</strong></span> 
     </span>
     <span class='ocr_line' id='line_1_8' title="bbox 344 900 1153 968; baseline -0.019 -2"><span class='ocrx_word' id='word_1_53' title='bbox 344 912 487 966; x_wconf 73' lang='lat' dir='ltr'>Traducta</span> <span class='ocrx_word' id='word_1_54' title='bbox 506 906 588 958; x_wconf 88' lang='lat' dir='ltr'><strong>lulia.</strong></span> <span class='ocrx_word' id='word_1_55' title='bbox 623 906 710 957; x_wconf 91' lang='lat' dir='ltr'><strong>Abest</strong></span> <span class='ocrx_word' id='word_1_56' title='bbox 722 902 866 965; x_wconf 90' lang='lat' dir='ltr'><strong>aBelone,</strong></span> <span class='ocrx_word' id='word_1_57' title='bbox 886 900 990 968; x_wconf 88' lang='lat' dir='ltr'><strong>oppido</strong></span> <span class='ocrx_word' id='word_1_58' title='bbox 1036 901 1153 963; x_wconf 80' lang='lat' dir='ltr'><strong>actione,</strong></span> 
     </span>
     <span class='ocr_line' id='line_1_9' title="bbox 343 970 1151 1049; baseline -0.014 -17"><span class='ocrx_word' id='word_1_59' title='bbox 343 979 471 1049; x_wconf 77' lang='lat' dir='ltr'><strong>proximo</strong></span> <span class='ocrx_word' id='word_1_60' title='bbox 483 976 605 1028; x_wconf 87' lang='lat' dir='ltr'><strong>traiectu</strong></span> <span class='ocrx_word' id='word_1_61' title='bbox 615 974 695 1025; x_wconf 82' lang='lat' dir='ltr'><strong>XXX</strong></span> <span class='ocrx_word' id='word_1_62' title='bbox 704 973 823 1039; x_wconf 90' lang='lat' dir='ltr'><strong>M.pass.</strong></span> <span class='ocrx_word' id='word_1_63' title='bbox 840 971 926 1023; x_wconf 92' lang='lat' dir='ltr'><strong>Abeo</strong></span> <span class='ocrx_word' id='word_1_64' title='bbox 939 970 1019 1024; x_wconf 79' lang='lat' dir='ltr'><strong>XXV</strong></span> <span class='ocrx_word' id='word_1_65' title='bbox 1028 972 1067 1022; x_wconf 88' lang='grc' dir='ltr'><strong>Μ.</strong></span> <span class='ocrx_word' id='word_1_66' title='bbox 1078 984 1151 1038; x_wconf 90' lang='lat' dir='ltr'><strong>pass.</strong></span> 
     </span>
     <span class='ocr_line' id='line_1_10' title="bbox 342 1039 1151 1110; baseline -0.015 -8"><span class='ocrx_word' id='word_1_67' title='bbox 342 1052 373 1102; x_wconf 90' lang='lat' dir='ltr'><strong>in</strong></span> <span class='ocrx_word' id='word_1_68' title='bbox 384 1061 435 1098; x_wconf 91' lang='lat' dir='ltr'><strong>ora</strong></span> <span class='ocrx_word' id='word_1_69' title='bbox 446 1047 544 1097; x_wconf 88' lang='lat' dir='ltr'><strong>oceani</strong></span> <span class='ocrx_word' id='word_1_70' title='bbox 559 1043 671 1096; x_wconf 89' lang='lat' dir='ltr'><strong>colonia</strong></span> <span class='ocrx_word' id='word_1_71' title='bbox 680 1042 797 1110; x_wconf 76' lang='lat' dir='ltr'><strong>Augusti</strong></span> <span class='ocrx_word' id='word_1_72' title='bbox 808 1039 881 1093; x_wconf 89' lang='lat' dir='ltr'><strong>luiia</strong></span> <span class='ocrx_word' id='word_1_73' title='bbox 892 1040 1058 1092; x_wconf 86' lang='lat' dir='ltr'><strong>Constantia</strong></span> <span class='ocrx_word' id='word_1_74' title='bbox 1072 1041 1151 1103; x_wconf 85' lang='lat' dir='ltr'><strong>Zilis,</strong></span> 
     </span>
     <span class='ocr_line' id='line_1_11' title="bbox 342 1110 1153 1185; baseline -0.011 -15"><span class='ocrx_word' id='word_1_75' title='bbox 342 1131 440 1185; x_wconf 86' lang='lat' dir='ltr'><strong>regum</strong></span> <span class='ocrx_word' id='word_1_76' title='bbox 451 1114 550 1165; x_wconf 89' lang='lat' dir='ltr'><strong>ditioni</strong></span> <span class='ocrx_word' id='word_1_77' title='bbox 562 1120 717 1175; x_wconf 84' lang='lat' dir='ltr'><strong>exemta,et</strong></span> <span class='ocrx_word' id='word_1_78' title='bbox 729 1112 789 1162; x_wconf 90' lang='lat' dir='ltr'><strong>iura</strong></span> <span class='ocrx_word' id='word_1_79' title='bbox 797 1110 975 1162; x_wconf 88' lang='lat' dir='ltr'><strong>inBaeticam</strong></span> <span class='ocrx_word' id='word_1_80' title='bbox 990 1117 1086 1176; x_wconf 90' lang='lat' dir='ltr'><strong>petere</strong></span> <span class='ocrx_word' id='word_1_81' title='bbox 1097 1110 1153 1161; x_wconf 89' lang='lat' dir='ltr'><strong>ius·</strong></span> 
     </span>
     <span class='ocr_line' id='line_1_12' title="bbox 342 1180 1152 1247; baseline -0.009 -8"><span class='ocrx_word' id='word_1_82' title='bbox 342 1202 387 1239; x_wconf 87' lang='lat' dir='ltr'><strong>sa:</strong></span> <span class='ocrx_word' id='word_1_83' title='bbox 398 1186 470 1238; x_wconf 90' lang='lat' dir='ltr'><strong>etab</strong></span> <span class='ocrx_word' id='word_1_84' title='bbox 479 1199 515 1236; x_wconf 87' lang='lat' dir='ltr'><strong>ea</strong></span> <span class='ocrx_word' id='word_1_85' title='bbox 524 1183 626 1234; x_wconf 84' lang='lat' dir='ltr'><strong>xxxii</strong></span> <span class='ocrx_word' id='word_1_86' title='bbox 639 1183 756 1247; x_wconf 87' lang='lat' dir='ltr'><strong>M.pass.</strong></span> <span class='ocrx_word' id='word_1_87' title='bbox 765 1180 1023 1232; x_wconf 78' lang='lat' dir='ltr'><strong>coloniaaciaudio</strong></span> <span class='ocrx_word' id='word_1_88' title='bbox 1032 1180 1152 1232; x_wconf 75' lang='lat' dir='ltr'>Caesare</span> 
     </span>
     <span class='ocr_line' id='line_1_13' title="bbox 341 1248 1153 1319; baseline -0.012 -10"><span class='ocrx_word' id='word_1_89' title='bbox 341 1257 420 1309; x_wconf 80' lang='lat' dir='ltr'><strong>iacta</strong></span> <span class='ocrx_word' id='word_1_90' title='bbox 432 1254 529 1319; x_wconf 82' lang='lat' dir='ltr'><strong>Lixus,</strong></span> <span class='ocrx_word' id='word_1_91' title='bbox 542 1253 588 1303; x_wconf 88' lang='lat' dir='ltr'><strong>rel</strong></span> <span class='ocrx_word' id='word_1_92' title='bbox 598 1250 808 1303; x_wconf 70' lang='lat' dir='ltr'>fabulosissime</span> <span class='ocrx_word' id='word_1_93' title='bbox 820 1249 943 1317; x_wconf 89' lang='lat' dir='ltr'><strong>antiquis</strong></span> <span class='ocrx_word' id='word_1_94' title='bbox 954 1256 1075 1301; x_wconf 89' lang='lat' dir='ltr'><strong>narrata.</strong></span> <span class='ocrx_word' id='word_1_95' title='bbox 1111 1248 1153 1300; x_wconf 91' lang='lat' dir='ltr'><strong>lbi</strong></span> 
     </span>
     <span class='ocr_line' id='line_1_14' title="bbox 341 1318 1152 1392; baseline -0.012 -13"><span class='ocrx_word' id='word_1_96' title='bbox 341 1325 422 1392; x_wconf 83' lang='lat' dir='ltr'><strong>regia</strong></span> <span class='ocrx_word' id='word_1_97' title='bbox 431 1323 540 1385; x_wconf 78' lang='lat' dir='ltr'><strong>Antaei,</strong></span> <span class='ocrx_word' id='word_1_98' title='bbox 550 1328 746 1387; x_wconf 74' lang='lat' dir='ltr'><strong>certamenque</strong></span> <span class='ocrx_word' id='word_1_99' title='bbox 757 1334 818 1371; x_wconf 90' lang='lat' dir='ltr'><strong>cum</strong></span> <span class='ocrx_word' id='word_1_100' title='bbox 830 1319 965 1371; x_wconf 79' lang='lat' dir='ltr'><strong>Hercule:</strong></span> <span class='ocrx_word' id='word_1_101' title='bbox 981 1327 1009 1370; x_wconf 88' lang='lat' dir='ltr'><strong>et</strong></span> <span class='ocrx_word' id='word_1_102' title='bbox 1019 1318 1152 1386; x_wconf 88' lang='lat' dir='ltr'><strong>llesperi-</strong></span> 
     </span>
     <span class='ocr_line' id='line_1_15' title="bbox 342 1386 1152 1447; baseline -0.01 -1"><span class='ocrx_word' id='word_1_103' title='bbox 342 1395 410 1447; x_wconf 86' lang='lat' dir='ltr'><strong>dum</strong></span> <span class='ocrx_word' id='word_1_104' title='bbox 421 1393 506 1444; x_wconf 89' lang='lat' dir='ltr'><strong>horti.</strong></span> <span class='ocrx_word' id='word_1_105' title='bbox 541 1389 700 1442; x_wconf 85' lang='lat' dir='ltr'><strong>Allunditur</strong></span> <span class='ocrx_word' id='word_1_106' title='bbox 711 1388 884 1441; x_wconf 76' lang='lat' dir='ltr'><strong>aestuarium</strong></span> <span class='ocrx_word' id='word_1_107' title='bbox 901 1404 916 1441; x_wconf 87' lang='lat' dir='ltr'><strong>e</strong></span> <span class='ocrx_word' id='word_1_108' title='bbox 935 1388 1005 1440; x_wconf 90' lang='lat' dir='ltr'><strong>marl</strong></span> <span class='ocrx_word' id='word_1_109' title='bbox 1026 1386 1152 1439; x_wconf 76' lang='lat' dir='ltr'><strong>flexuoso</strong></span> 
     </span>
     <span class='ocr_line' id='line_1_16' title="bbox 341 1456 1152 1527; baseline -0.011 -10"><span class='ocrx_word' id='word_1_110' title='bbox 341 1470 437 1517; x_wconf 90' lang='lat' dir='ltr'><strong>meatu</strong></span> <span class='ocrx_word' id='word_1_111' title='bbox 444 1499 453 1525; x_wconf 95' lang='lat'><strong>,</strong></span> <span class='ocrx_word' id='word_1_112' title='bbox 473 1462 501 1512; x_wconf 94' lang='lat' dir='ltr'><strong>in</strong></span> <span class='ocrx_word' id='word_1_113' title='bbox 512 1474 568 1527; x_wconf 91' lang='lat' dir='ltr'><strong>quo</strong></span> <span class='ocrx_word' id='word_1_114' title='bbox 580 1458 710 1511; x_wconf 90' lang='lat' dir='ltr'><strong>draconis</strong></span> <span class='ocrx_word' id='word_1_115' title='bbox 721 1458 865 1512; x_wconf 87' lang='lat' dir='ltr'><strong>custodiae</strong></span> <span class='ocrx_word' id='word_1_116' title='bbox 876 1458 965 1509; x_wconf 89' lang='lat' dir='ltr'><strong>instar</strong></span> <span class='ocrx_word' id='word_1_117' title='bbox 975 1456 1064 1509; x_wconf 81' lang='lat' dir='ltr'><strong>fuisse</strong></span> <span class='ocrx_word' id='word_1_118' title='bbox 1081 1472 1152 1508; x_wconf 90' lang='lat' dir='ltr'><strong>nunc</strong></span> 
     </span>
     <span class='ocr_line' id='line_1_17' title="bbox 341 1527 1152 1599; baseline -0.01 -14"><span class='ocrx_word' id='word_1_119' title='bbox 341 1534 572 1599; x_wconf 86' lang='lat' dir='ltr'><strong>interpretantur.</strong></span> <span class='ocrx_word' id='word_1_120' title='bbox 608 1527 1152 1597; x_wconf 73' lang='lat' dir='ltr'><strong>‚insplectiturintraseinsulam,quam</strong></span> 
     </span>
     <span class='ocr_line' id='line_1_18' title="bbox 342 1596 1151 1667; baseline -0.01 -13"><span class='ocrx_word' id='word_1_121' title='bbox 342 1603 431 1654; x_wconf 88' lang='lat' dir='ltr'><strong>solam</strong></span> <span class='ocrx_word' id='word_1_122' title='bbox 443 1616 458 1653; x_wconf 90' lang='lat' dir='ltr'><strong>e</strong></span> <span class='ocrx_word' id='word_1_123' title='bbox 469 1601 562 1651; x_wconf 83' lang='lat' dir='ltr'><strong>ricino</strong></span> <span class='ocrx_word' id='word_1_124' title='bbox 575 1605 665 1651; x_wconf 84' lang='lat' dir='ltr'><strong>tractu</strong></span> <span class='ocrx_word' id='word_1_125' title='bbox 673 1599 817 1667; x_wconf 91' lang='lat' dir='ltr'><strong>aliquanto</strong></span> <span class='ocrx_word' id='word_1_126' title='bbox 825 1596 990 1660; x_wconf 80' lang='lat' dir='ltr'><strong>excelsiore,</strong></span> <span class='ocrx_word' id='word_1_127' title='bbox 996 1602 1151 1648; x_wconf 90' lang='lat' dir='ltr'><strong>nontamen</strong></span> 
     </span>
     <span class='ocr_line' id='line_1_19' title="bbox 343 1666 1152 1727; baseline -0.005 -5"><span class='ocrx_word' id='word_1_128' title='bbox 343 1679 437 1723; x_wconf 87' lang='lat' dir='ltr'><strong>aestus</strong></span> <span class='ocrx_word' id='word_1_129' title='bbox 444 1666 660 1720; x_wconf 87' lang='lat' dir='ltr'><strong>marisinundat.</strong></span> <span class='ocrx_word' id='word_1_130' title='bbox 674 1669 851 1721; x_wconf 82' lang='lat' dir='ltr'><strong>Exstatinea</strong></span> <span class='ocrx_word' id='word_1_131' title='bbox 861 1673 890 1720; x_wconf 92' lang='lat' dir='ltr'><strong>et</strong></span> <span class='ocrx_word' id='word_1_132' title='bbox 900 1667 1152 1727; x_wconf 89' lang='lat' dir='ltr'><strong>arallerculis,nec</strong></span> 
     </span>
     <span class='ocr_line' id='line_1_20' title="bbox 342 1735 1151 1809; baseline -0.005 -18"><span class='ocrx_word' id='word_1_133' title='bbox 342 1745 455 1809; x_wconf 82' lang='lat' dir='ltr'><strong>praeter</strong></span> <span class='ocrx_word' id='word_1_134' title='bbox 465 1739 604 1790; x_wconf 75' lang='lat' dir='ltr'><strong>oleastros</strong></span> <span class='ocrx_word' id='word_1_135' title='bbox 614 1738 706 1799; x_wconf 87' lang='lat' dir='ltr'><strong>aliud,</strong></span> <span class='ocrx_word' id='word_1_136' title='bbox 725 1753 760 1790; x_wconf 81' lang='lat' dir='ltr'><strong>ea</strong></span> <span class='ocrx_word' id='word_1_137' title='bbox 769 1746 885 1790; x_wconf 89' lang='lat' dir='ltr'><strong>narrato</strong></span> <span class='ocrx_word' id='word_1_138' title='bbox 897 1737 947 1788; x_wconf 94' lang='lat' dir='ltr'><strong>illo</strong></span> <span class='ocrx_word' id='word_1_139' title='bbox 960 1735 1084 1789; x_wconf 83' lang='lat' dir='ltr'><strong>aurifero</strong></span> <span class='ocrx_word' id='word_1_140' title='bbox 1104 1752 1151 1787; x_wconf 90' lang='lat' dir='ltr'><strong>ne·</strong></span> 
     </span>
     <span class='ocr_line' id='line_1_21' title="bbox 342 1806 1152 1875; baseline -0.006 -15"><span class='ocrx_word' id='word_1_141' title='bbox 342 1824 431 1861; x_wconf 91' lang='lat' dir='ltr'><strong>moro.</strong></span> <span class='ocrx_word' id='word_1_142' title='bbox 451 1808 545 1859; x_wconf 91' lang='lat' dir='ltr'><strong>Minus</strong></span> <span class='ocrx_word' id='word_1_143' title='bbox 557 1807 685 1872; x_wconf 81' lang='lat' dir='ltr'><strong>proiecto</strong></span> <span class='ocrx_word' id='word_1_144' title='bbox 695 1810 834 1859; x_wconf 91' lang='lat' dir='ltr'><strong>mirentur</strong></span> <span class='ocrx_word' id='word_1_145' title='bbox 843 1806 1152 1875; x_wconf 84' lang='lat' dir='ltr'><strong>portentosaGraeciae</strong></span> 
     </span>
     <span class='ocr_line' id='line_1_22' title="bbox 341 1875 1153 1943; baseline -0.007 -13"><span class='ocrx_word' id='word_1_146' title='bbox 341 1879 488 1931; x_wconf 87' lang='lat' dir='ltr'><strong>mendacia</strong></span> <span class='ocrx_word' id='word_1_147' title='bbox 499 1875 534 1929; x_wconf 91' lang='lat' dir='ltr'><strong>de</strong></span> <span class='ocrx_word' id='word_1_148' title='bbox 546 1877 582 1927; x_wconf 90' lang='lat' dir='ltr'><strong>lis</strong></span> <span class='ocrx_word' id='word_1_149' title='bbox 592 1884 620 1928; x_wconf 92' lang='lat' dir='ltr'><strong>et</strong></span> <span class='ocrx_word' id='word_1_150' title='bbox 632 1892 711 1928; x_wconf 89' lang='lat' dir='ltr'><strong>anrne</strong></span> <span class='ocrx_word' id='word_1_151' title='bbox 722 1877 795 1928; x_wconf 76' lang='lat' dir='ltr'><strong>Lixo</strong></span> <span class='ocrx_word' id='word_1_152' title='bbox 811 1876 937 1943; x_wconf 89' lang='lat' dir='ltr'><strong>prodita,</strong></span> <span class='ocrx_word' id='word_1_153' title='bbox 960 1876 1008 1943; x_wconf 90' lang='lat' dir='ltr'><strong>qui</strong></span> <span class='ocrx_word' id='word_1_154' title='bbox 1028 1877 1153 1942; x_wconf 87' lang='lat' dir='ltr'><strong>cogitent</strong></span> 
     </span>
     <span class='ocr_line' id='line_1_23' title="bbox 342 1942 1153 2013; baseline -0.007 -14"><span class='ocrx_word' id='word_1_155' title='bbox 342 1955 502 1999; x_wconf 91' lang='lat' dir='ltr'><strong>nostrosnu</strong></span> <span class='ocrx_word' id='word_1_156' title='bbox 525 1962 555 1997; x_wconf 89' lang='lat' dir='ltr'><strong>er</strong></span> <span class='ocrx_word' id='word_1_157' title='bbox 567 1947 650 2013; x_wconf 85' lang='lat' dir='ltr'><strong>paule</strong></span> <span class='ocrx_word' id='word_1_158' title='bbox 662 1949 752 1997; x_wconf 92' lang='lat' dir='ltr'><strong>minus</strong></span> <span class='ocrx_word' id='word_1_159' title='bbox 771 1945 941 1999; x_wconf 81' lang='lat' dir='ltr'><strong>monstrifica</strong></span> <span class='ocrx_word' id='word_1_160' title='bbox 961 1945 1097 2011; x_wconf 88' lang='lat' dir='ltr'><strong>quaedam</strong></span> <span class='ocrx_word' id='word_1_161' title='bbox 1118 1942 1153 1994; x_wconf 90' lang='lat' dir='ltr'><strong>de</strong></span> 
     </span>
     <span class='ocr_line' id='line_1_24' title="bbox 341 1960 1151 2069; baseline -0.005 0"><span class='ocrx_word' id='word_1_162' title='bbox 341 2016 441 2069; x_wconf 88' lang='lat' dir='ltr'><strong>iisdem</strong></span> <span class='ocrx_word' id='word_1_163' title='bbox 452 1960 611 2069; x_wconf 67' lang='lat' dir='ltr'><strong>tradidisse</strong></span> <span class='ocrx_word' id='word_1_164' title='bbox 646 2015 841 2068; x_wconf 72' lang='lat' dir='ltr'><strong>Praevalidam</strong></span> <span class='ocrx_word' id='word_1_165' title='bbox 860 2013 931 2066; x_wconf 81' lang='lat' dir='ltr'><strong>lianc</strong></span> <span class='ocrx_word' id='word_1_166' title='bbox 949 2015 1044 2066; x_wconf 87' lang='lat' dir='ltr'><strong>urbem</strong></span> <span class='ocrx_word' id='word_1_167' title='bbox 1063 2014 1151 2065; x_wconf 88' lang='lat' dir='ltr'><strong>nraio·</strong></span> 
     </span>
     <span class='ocr_line' id='line_1_25' title="bbox 341 2085 1152 2154; baseline -0.007 -15"><span class='ocrx_word' id='word_1_168' title='bbox 341 2100 455 2154; x_wconf 85' lang='lat' dir='ltr'><strong>remque</strong></span> <span class='ocrx_word' id='word_1_169' title='bbox 478 2085 650 2154; x_wconf 80' lang='lat' dir='ltr'><strong>Carthagine</strong></span> <span class='ocrx_word' id='word_1_170' title='bbox 670 2098 784 2152; x_wconf 89' lang='lat' dir='ltr'><strong>magna:</strong></span> <span class='ocrx_word' id='word_1_171' title='bbox 811 2090 958 2151; x_wconf 89' lang='lat' dir='ltr'><strong>praeterea</strong></span> <span class='ocrx_word' id='word_1_172' title='bbox 981 2099 1016 2136; x_wconf 79' lang='lat' dir='ltr'><strong>ex</strong></span> <span class='ocrx_word' id='word_1_173' title='bbox 1034 2085 1152 2136; x_wconf 86' lang='lat' dir='ltr'><strong>adverso</strong></span> 
     </span>
     <span class='ocr_line' id='line_1_26' title="bbox 343 2153 1151 2223; baseline -0.007 -13"><span class='ocrx_word' id='word_1_174' title='bbox 343 2156 404 2210; x_wconf 88' lang='lat' dir='ltr'><strong>eius</strong></span> <span class='ocrx_word' id='word_1_175' title='bbox 414 2157 508 2218; x_wconf 87' lang='lat' dir='ltr'><strong>sitam,</strong></span> <span class='ocrx_word' id='word_1_176' title='bbox 519 2163 547 2206; x_wconf 85' lang='lat' dir='ltr'><strong>et</strong></span> <span class='ocrx_word' id='word_1_177' title='bbox 559 2170 645 2223; x_wconf 89' lang='lat' dir='ltr'><strong>prope</strong></span> <span class='ocrx_word' id='word_1_178' title='bbox 657 2156 792 2207; x_wconf 89' lang='lat' dir='ltr'><strong>immenso</strong></span> <span class='ocrx_word' id='word_1_179' title='bbox 805 2160 899 2206; x_wconf 85' lang='lat' dir='ltr'><strong>tractu</strong></span> <span class='ocrx_word' id='word_1_180' title='bbox 912 2154 946 2205; x_wconf 92' lang='lat' dir='ltr'><strong>ab</strong></span> <span class='ocrx_word' id='word_1_181' title='bbox 958 2153 1055 2219; x_wconf 83' lang='lat' dir='ltr'><strong>Tingi:</strong></span> <span class='ocrx_word' id='word_1_182' title='bbox 1068 2167 1151 2219; x_wconf 89' lang='lat' dir='ltr'><strong>quae·</strong></span> 
     </span>
    </p>

    <p class='ocr_par' dir='ltr' id='par_1_4' title="bbox 340 2221 1153 4157">
     <span class='ocr_line' id='line_1_27' title="bbox 362 2221 1151 2292; baseline -0.008 -14"><span class='ocrx_word' id='word_1_183' title='bbox 362 2242 397 2278; x_wconf 90' lang='lat' dir='ltr'><strong>ue</strong></span> <span class='ocrx_word' id='word_1_184' title='bbox 415 2227 473 2279; x_wconf 89' lang='lat' dir='ltr'><strong>alia</strong></span> <span class='ocrx_word' id='word_1_185' title='bbox 485 2226 633 2278; x_wconf 84' lang='lat' dir='ltr'><strong>Cornelius</strong></span> <span class='ocrx_word' id='word_1_186' title='bbox 644 2225 740 2292; x_wconf 86' lang='lat' dir='ltr'><strong>Nepos</strong></span> <span class='ocrx_word' id='word_1_187' title='bbox 764 2223 926 2275; x_wconf 88' lang='lat' dir='ltr'><strong>aridissime</strong></span> <span class='ocrx_word' id='word_1_188' title='bbox 947 2222 1074 2274; x_wconf 81' lang='lat' dir='ltr'><strong>eredidit</strong></span> <span class='ocrx_word' id='word_1_189' title='bbox 1111 2221 1151 2273; x_wconf 89' lang='lat' dir='ltr'><strong>Ab</strong></span> 
     </span>
     <span class='ocr_line' id='line_1_28' title="bbox 342 2243 1153 2360; baseline -0.011 -12"><span class='ocrx_word' id='word_1_190' title='bbox 342 2243 416 2348; x_wconf 70' lang='lat' dir='ltr'><strong>hino</strong></span> <span class='ocrx_word' id='word_1_191' title='bbox 432 2296 484 2347; x_wconf 69' lang='lat' dir='ltr'><strong>xl,</strong></span> <span class='ocrx_word' id='word_1_192' title='bbox 503 2297 542 2348; x_wconf 93' lang='grc' dir='ltr'><strong>Μ.</strong></span> <span class='ocrx_word' id='word_1_193' title='bbox 554 2298 582 2345; x_wconf 90' lang='lat' dir='ltr'><strong>in</strong></span> <span class='ocrx_word' id='word_1_194' title='bbox 593 2295 798 2347; x_wconf 90' lang='lat' dir='ltr'><strong>mediterraneo</strong></span> <span class='ocrx_word' id='word_1_195' title='bbox 809 2293 900 2344; x_wconf 90' lang='lat' dir='ltr'><strong>altera</strong></span> <span class='ocrx_word' id='word_1_196' title='bbox 912 2292 1031 2360; x_wconf 75' lang='lat' dir='ltr'><strong>Augusti</strong></span> <span class='ocrx_word' id='word_1_197' title='bbox 1043 2291 1153 2342; x_wconf 89' lang='lat' dir='ltr'><strong>colonia</strong></span> 
     </span>
     <span class='ocr_line' id='line_1_29' title="bbox 343 2356 1150 2431; baseline -0.009 -14"><span class='ocrx_word' id='word_1_198' title='bbox 343 2374 386 2418; x_wconf 90' lang='lat' dir='ltr'><strong>est</strong></span> <span class='ocrx_word' id='word_1_199' title='bbox 396 2366 503 2427; x_wconf 85' lang='lat' dir='ltr'><strong>Babba,</strong></span> <span class='ocrx_word' id='word_1_200' title='bbox 523 2365 593 2416; x_wconf 90' lang='lat' dir='ltr'><strong>lulia</strong></span> <span class='ocrx_word' id='word_1_201' title='bbox 605 2356 774 2431; x_wconf 70' lang='lat' dir='ltr'><strong>Campestris</strong></span> <span class='ocrx_word' id='word_1_202' title='bbox 784 2362 938 2430; x_wconf 86' lang='lat' dir='ltr'><strong>appellata:</strong></span> <span class='ocrx_word' id='word_1_203' title='bbox 961 2369 989 2413; x_wconf 90' lang='lat' dir='ltr'><strong>et</strong></span> <span class='ocrx_word' id='word_1_204' title='bbox 1001 2361 1087 2413; x_wconf 87' lang='lat' dir='ltr'><strong>tertia</strong></span> <span class='ocrx_word' id='word_1_205' title='bbox 1097 2360 1150 2410; x_wconf 85' lang='lat' dir='ltr'><strong>lla·</strong></span> 
     </span>
     <span class='ocr_line' id='line_1_30' title="bbox 342 2427 1152 2499; baseline -0.009 -13"><span class='ocrx_word' id='word_1_206' title='bbox 342 2433 529 2496; x_wconf 72' lang='lat' dir='ltr'><strong>nasa,l.Xllll</strong></span> <span class='ocrx_word' id='word_1_207' title='bbox 539 2432 939 2499; x_wconf 88' lang='lat' dir='ltr'><strong>M.,Vulentiacognomiuata.</strong></span> <span class='ocrx_word' id='word_1_208' title='bbox 950 2430 991 2482; x_wconf 96' lang='lat' dir='ltr'><strong>Ab</strong></span> <span class='ocrx_word' id='word_1_209' title='bbox 1000 2444 1034 2483; x_wconf 87' lang='lat' dir='ltr'><strong>ea</strong></span> <span class='ocrx_word' id='word_1_210' title='bbox 1046 2427 1152 2479; x_wconf 78' lang='lat' dir='ltr'>XXXV</span> 
     </span>
     <span class='ocr_line' id='line_1_31' title="bbox 341 2498 1153 2578; baseline -0.011 -24"><span class='ocrx_word' id='word_1_211' title='bbox 341 2502 380 2554; x_wconf 91' lang='lat' dir='ltr'><strong>M.</strong></span> <span class='ocrx_word' id='word_1_212' title='bbox 392 2518 465 2570; x_wconf 88' lang='lat' dir='ltr'><strong>pass.</strong></span> <span class='ocrx_word' id='word_1_213' title='bbox 485 2501 618 2554; x_wconf 77' lang='lat' dir='ltr'><strong>volubile</strong></span> <span class='ocrx_word' id='word_1_214' title='bbox 625 2501 772 2578; x_wconf 73' lang='lat' dir='ltr'><strong>pppidum,</strong></span> <span class='ocrx_word' id='word_1_215' title='bbox 792 2499 955 2551; x_wconf 86' lang='lat' dir='ltr'><strong>tantundem</strong></span> <span class='ocrx_word' id='word_1_216' title='bbox 968 2513 985 2549; x_wconf 90' lang='lat' dir='ltr'><strong>u</strong></span> <span class='ocrx_word' id='word_1_217' title='bbox 997 2498 1067 2549; x_wconf 86' lang='lat' dir='ltr'><strong>mari</strong></span> <span class='ocrx_word' id='word_1_218' title='bbox 1077 2503 1153 2546; x_wconf 91' lang='lat' dir='ltr'><strong>utro·</strong></span> 
     </span>
     <span class='ocr_line' id='line_1_32' title="bbox 343 2565 1152 2656; baseline -0.007 -36"><span class='ocrx_word' id='word_1_219' title='bbox 343 2586 396 2656; x_wconf 87' lang='lat' dir='ltr'><strong>qne</strong></span> <span class='ocrx_word' id='word_1_220' title='bbox 408 2572 524 2623; x_wconf 86' lang='lat' dir='ltr'><strong>distans.</strong></span> <span class='ocrx_word' id='word_1_221' title='bbox 544 2572 580 2621; x_wconf 87' lang='lat' dir='ltr'><strong>At</strong></span> <span class='ocrx_word' id='word_1_222' title='bbox 589 2570 618 2619; x_wconf 91' lang='lat' dir='ltr'><strong>in</strong></span> <span class='ocrx_word' id='word_1_223' title='bbox 630 2584 680 2620; x_wconf 91' lang='lat' dir='ltr'><strong>ora</strong></span> <span class='ocrx_word' id='word_1_224' title='bbox 691 2586 708 2619; x_wconf 88' lang='lat' dir='ltr'><strong>a</strong></span> <span class='ocrx_word' id='word_1_225' title='bbox 719 2569 792 2619; x_wconf 81' lang='lat' dir='ltr'><strong>Lixo</strong></span> <span class='ocrx_word' id='word_1_226' title='bbox 805 2568 1012 2635; x_wconf 86' lang='lat' dir='ltr'><strong>quinquaginta‘</strong></span> <span class='ocrx_word' id='word_1_227' title='bbox 1016 2568 1052 2619; x_wconf 93' lang='grc' dir='ltr'><strong>Μ.</strong></span> <span class='ocrx_word' id='word_1_228' title='bbox 1064 2565 1152 2617; x_wconf 91' lang='lat' dir='ltr'><strong>amnis</strong></span> 
     </span>
     <span class='ocr_line' id='line_1_33' title="bbox 342 2634 1151 2706; baseline -0.012 -12"><span class='ocrx_word' id='word_1_229' title='bbox 342 2641 442 2701; x_wconf 78' lang='lat' dir='ltr'><strong>babor,</strong></span> <span class='ocrx_word' id='word_1_230' title='bbox 452 2648 566 2706; x_wconf 87' lang='lat' dir='ltr'><strong>praeter</strong></span> <span class='ocrx_word' id='word_1_231' title='bbox 576 2639 717 2689; x_wconf 72' lang='lat' dir='ltr'><strong>banasam</strong></span> <span class='ocrx_word' id='word_1_232' title='bbox 728 2637 865 2689; x_wconf 89' lang='lat' dir='ltr'><strong>coloniam</strong></span> <span class='ocrx_word' id='word_1_233' title='bbox 877 2636 1012 2698; x_wconf 88' lang='lat' dir='ltr'><strong>deiluens,</strong></span> <span class='ocrx_word' id='word_1_234' title='bbox 1022 2634 1151 2704; x_wconf 87' lang='lat' dir='ltr'><strong>magnill-</strong></span> 
     </span>
     <span class='ocr_line' id='line_1_34' title="bbox 343 2705 1152 2777; baseline -0.01 -15"><span class='ocrx_word' id='word_1_235' title='bbox 343 2725 391 2762; x_wconf 88' lang='lat' dir='ltr'><strong>cus</strong></span> <span class='ocrx_word' id='word_1_236' title='bbox 402 2715 431 2762; x_wconf 91' lang='lat' dir='ltr'><strong>et</strong></span> <span class='ocrx_word' id='word_1_237' title='bbox 443 2708 618 2777; x_wconf 58' lang='lat' dir='ltr'><strong>uar&#39;igabilis.</strong></span> <span class='ocrx_word' id='word_1_238' title='bbox 654 2707 694 2758; x_wconf 92' lang='lat' dir='ltr'><strong>Ab</strong></span> <span class='ocrx_word' id='word_1_239' title='bbox 706 2721 739 2758; x_wconf 90' lang='lat' dir='ltr'><strong>eo</strong></span> <span class='ocrx_word' id='word_1_240' title='bbox 751 2706 871 2758; x_wconf 89' lang='lat' dir='ltr'><strong>totidem</strong></span> <span class='ocrx_word' id='word_1_241' title='bbox 883 2706 923 2756; x_wconf 92' lang='grc' dir='ltr'><strong>Μ.</strong></span> <span class='ocrx_word' id='word_1_242' title='bbox 934 2721 1007 2773; x_wconf 91' lang='lat' dir='ltr'><strong>pass.</strong></span> <span class='ocrx_word' id='word_1_243' title='bbox 1018 2705 1152 2772; x_wconf 89' lang='lat' dir='ltr'><strong>oppidum</strong></span> 
     </span>
     <span class='ocr_line' id='line_1_35' title="bbox 342 2775 1152 2843; baseline -0.011 -11"><span class='ocrx_word' id='word_1_244' title='bbox 342 2780 420 2842; x_wconf 82' lang='lat' dir='ltr'><strong>Sala,</strong></span> <span class='ocrx_word' id='word_1_245' title='bbox 431 2778 554 2831; x_wconf 86' lang='lat' dir='ltr'><strong>eiusdem</strong></span> <span class='ocrx_word' id='word_1_246' title='bbox 566 2779 686 2828; x_wconf 90' lang='lat' dir='ltr'><strong>nominis</strong></span> <span class='ocrx_word' id='word_1_247' title='bbox 698 2775 782 2827; x_wconf 89' lang='lat' dir='ltr'><strong>ilurio</strong></span> <span class='ocrx_word' id='word_1_248' title='bbox 793 2776 965 2843; x_wconf 88' lang='lat' dir='ltr'><strong>impositum,</strong></span> <span class='ocrx_word' id='word_1_249' title='bbox 985 2775 1039 2826; x_wconf 90' lang='lat' dir='ltr'><strong>iam</strong></span> <span class='ocrx_word' id='word_1_250' title='bbox 1052 2775 1152 2826; x_wconf 93' lang='lat' dir='ltr'><strong>solitu-</strong></span> 
     </span>
     <span class='ocr_line' id='line_1_36' title="bbox 343 2843 1151 2913; baseline -0.007 -13"><span class='ocrx_word' id='word_1_251' title='bbox 343 2848 454 2901; x_wconf 83' lang='lat' dir='ltr'><strong>dinibus</strong></span> <span class='ocrx_word' id='word_1_252' title='bbox 475 2849 611 2908; x_wconf 82' lang='lat' dir='ltr'><strong>vicinum,</strong></span> <span class='ocrx_word' id='word_1_253' title='bbox 638 2845 906 2913; x_wconf 82' lang='lat' dir='ltr'><strong>elephantorumque</strong></span> <span class='ocrx_word' id='word_1_254' title='bbox 925 2845 1059 2912; x_wconf 79' lang='lat' dir='ltr'><strong>gregibus</strong></span> <span class='ocrx_word' id='word_1_255' title='bbox 1081 2843 1151 2894; x_wconf 85' lang='lat' dir='ltr'><strong>infe·</strong></span> 
     </span>
     <span class='ocr_line' id='line_1_37' title="bbox 341 2914 1151 2981; baseline -0.011 -11"><span class='ocrx_word' id='word_1_256' title='bbox 341 2923 429 2981; x_wconf 82' lang='lat' dir='ltr'><strong>stum3</strong></span> <span class='ocrx_word' id='word_1_257' title='bbox 440 2917 528 2968; x_wconf 86' lang='lat' dir='ltr'><strong>nrulto</strong></span> <span class='ocrx_word' id='word_1_258' title='bbox 540 2923 634 2967; x_wconf 89' lang='lat' dir='ltr'><strong>tamen</strong></span> <span class='ocrx_word' id='word_1_259' title='bbox 641 2915 730 2981; x_wconf 86' lang='lat' dir='ltr'><strong>magis</strong></span> <span class='ocrx_word' id='word_1_260' title='bbox 738 2914 901 2967; x_wconf 87' lang='lat' dir='ltr'><strong>Autololum</strong></span> <span class='ocrx_word' id='word_1_261' title='bbox 913 2924 1059 2980; x_wconf 88' lang='lat' dir='ltr'><strong>gente,per</strong></span> <span class='ocrx_word' id='word_1_262' title='bbox 1070 2926 1151 2978; x_wconf 92' lang='lat' dir='ltr'><strong>quum</strong></span> 
     </span>
     <span class='ocr_line' id='line_1_38' title="bbox 341 2981 1152 3044; baseline -0.009 -5"><span class='ocrx_word' id='word_1_263' title='bbox 341 2986 451 3039; x_wconf 86' lang='lat' dir='ltr'><strong>iterest</strong></span> <span class='ocrx_word' id='word_1_264' title='bbox 468 2985 503 3036; x_wconf 88' lang='lat' dir='ltr'><strong>ad</strong></span> <span class='ocrx_word' id='word_1_265' title='bbox 523 2992 645 3036; x_wconf 85' lang='lat' dir='ltr'><strong>nrorrtem</strong></span> <span class='ocrx_word' id='word_1_266' title='bbox 656 2983 767 3034; x_wconf 82' lang='lat' dir='ltr'><strong>Africae</strong></span> <span class='ocrx_word' id='word_1_267' title='bbox 784 2985 828 3035; x_wconf 87' lang='lat' dir='ltr'><strong>vel</strong></span> <span class='ocrx_word' id='word_1_268' title='bbox 844 2981 1096 3044; x_wconf 80' lang='lat' dir='ltr'><strong>fabulosissimum,</strong></span> <span class='ocrx_word' id='word_1_269' title='bbox 1118 2983 1152 3032; x_wconf 94' lang='lat' dir='ltr'><strong>A·</strong></span> 
     </span>
     <span class='ocr_line' id='line_1_39' title="bbox 343 3049 1150 3115; baseline -0.007 -9"><span class='ocrx_word' id='word_1_270' title='bbox 343 3056 471 3106; x_wconf 87' lang='lat' dir='ltr'><strong>tlantem.</strong></span> <span class='ocrx_word' id='word_1_271' title='bbox 483 3054 507 3102; x_wconf 83' lang='lat' dir='ltr'><strong>E</strong></span> <span class='ocrx_word' id='word_1_272' title='bbox 520 3051 618 3102; x_wconf 89' lang='lat' dir='ltr'><strong>mediis</strong></span> <span class='ocrx_word' id='word_1_273' title='bbox 630 3049 704 3102; x_wconf 89' lang='lat' dir='ltr'><strong>hunc</strong></span> <span class='ocrx_word' id='word_1_274' title='bbox 714 3053 808 3103; x_wconf 88' lang='lat' dir='ltr'><strong>arenis</strong></span> <span class='ocrx_word' id='word_1_275' title='bbox 818 3053 847 3101; x_wconf 91' lang='lat' dir='ltr'><strong>in</strong></span> <span class='ocrx_word' id='word_1_276' title='bbox 860 3050 968 3101; x_wconf 88' lang='lat' dir='ltr'><strong>caelum</strong></span> <span class='ocrx_word' id='word_1_277' title='bbox 980 3049 1074 3101; x_wconf 87' lang='lat' dir='ltr'><strong>attolli</strong></span> <span class='ocrx_word' id='word_1_278' title='bbox 1086 3064 1150 3115; x_wconf 92' lang='lat' dir='ltr'><strong>pro·</strong></span> 
     </span>
     <span class='ocr_line' id='line_1_40' title="bbox 343 3118 1152 3186; baseline -0.002 -13"><span class='ocrx_word' id='word_1_279' title='bbox 343 3122 483 3180; x_wconf 88' lang='lat' dir='ltr'><strong>didcrunt,</strong></span> <span class='ocrx_word' id='word_1_280' title='bbox 495 3134 635 3184; x_wconf 90' lang='lat' dir='ltr'><strong>asperum,</strong></span> <span class='ocrx_word' id='word_1_281' title='bbox 647 3119 833 3185; x_wconf 84' lang='lat' dir='ltr'><strong>squalentem,</strong></span> <span class='ocrx_word' id='word_1_282' title='bbox 845 3134 899 3186; x_wconf 90' lang='lat' dir='ltr'><strong>qua</strong></span> <span class='ocrx_word' id='word_1_283' title='bbox 910 3125 1007 3186; x_wconf 88' lang='lat' dir='ltr'><strong>rergat</strong></span> <span class='ocrx_word' id='word_1_284' title='bbox 1019 3118 1055 3170; x_wconf 90' lang='lat' dir='ltr'><strong>ad</strong></span> <span class='ocrx_word' id='word_1_285' title='bbox 1067 3118 1152 3171; x_wconf 87' lang='lat' dir='ltr'><strong>litora</strong></span> 
     </span>
     <span class='ocr_line' id='line_1_41' title="bbox 343 3186 1151 3256; baseline -0.005 -12"><span class='ocrx_word' id='word_1_286' title='bbox 343 3191 451 3251; x_wconf 87' lang='lat' dir='ltr'><strong>oceani,</strong></span> <span class='ocrx_word' id='word_1_287' title='bbox 462 3190 506 3239; x_wconf 87' lang='lat' dir='ltr'><strong>cui</strong></span> <span class='ocrx_word' id='word_1_288' title='bbox 518 3201 672 3256; x_wconf 82' lang='lat' dir='ltr'><strong>cognomen</strong></span> <span class='ocrx_word' id='word_1_289' title='bbox 683 3189 832 3254; x_wconf 85' lang='lat' dir='ltr'><strong>imposuit:</strong></span> <span class='ocrx_word' id='word_1_290' title='bbox 844 3186 961 3240; x_wconf 88' lang='lat' dir='ltr'><strong>eundem</strong></span> <span class='ocrx_word' id='word_1_291' title='bbox 974 3203 1092 3256; x_wconf 90' lang='lat' dir='ltr'><strong>opacum</strong></span> <span class='ocrx_word' id='word_1_292' title='bbox 1104 3204 1151 3240; x_wconf 88' lang='lat' dir='ltr'><strong>ue-</strong></span> 
     </span>
     <span class='ocr_line' id='line_1_42' title="bbox 343 3256 1152 3325; baseline 0 -14"><span class='ocrx_word' id='word_1_293' title='bbox 343 3272 551 3322; x_wconf 87' lang='lat' dir='ltr'><strong>morosumqne,</strong></span> <span class='ocrx_word' id='word_1_294' title='bbox 572 3263 600 3307; x_wconf 84' lang='lat' dir='ltr'><strong>et</strong></span> <span class='ocrx_word' id='word_1_295' title='bbox 610 3259 744 3309; x_wconf 85' lang='lat' dir='ltr'><strong>scatebris</strong></span> <span class='ocrx_word' id='word_1_296' title='bbox 755 3258 875 3309; x_wconf 80' lang='lat' dir='ltr'><strong>fontium</strong></span> <span class='ocrx_word' id='word_1_297' title='bbox 886 3256 1006 3325; x_wconf 86' lang='lat' dir='ltr'><strong>riguum,</strong></span> <span class='ocrx_word' id='word_1_298' title='bbox 1026 3273 1081 3325; x_wconf 88' lang='lat' dir='ltr'><strong>qua</strong></span> <span class='ocrx_word' id='word_1_299' title='bbox 1091 3273 1152 3324; x_wconf 87' lang='lat' dir='ltr'><strong>spe·</strong></span> 
     </span>
     <span class='ocr_line' id='line_1_43' title="bbox 344 3324 1152 3396; baseline -0.004 -14"><span class='ocrx_word' id='word_1_300' title='bbox 344 3336 405 3382; x_wconf 89' lang='lat' dir='ltr'><strong>ctat</strong></span> <span class='ocrx_word' id='word_1_301' title='bbox 415 3326 551 3387; x_wconf 80' lang='lat' dir='ltr'><strong>Africum,</strong></span> <span class='ocrx_word' id='word_1_302' title='bbox 571 3324 710 3378; x_wconf 81' lang='lat' dir='ltr'><strong>fructibus</strong></span> <span class='ocrx_word' id='word_1_303' title='bbox 720 3329 842 3378; x_wconf 92' lang='lat' dir='ltr'><strong>omnium</strong></span> <span class='ocrx_word' id='word_1_304' title='bbox 853 3342 984 3395; x_wconf 89' lang='lat' dir='ltr'><strong>generum</strong></span> <span class='ocrx_word' id='word_1_305' title='bbox 996 3336 1094 3396; x_wconf 92' lang='lat' dir='ltr'><strong>sponte</strong></span> <span class='ocrx_word' id='word_1_306' title='bbox 1111 3329 1152 3380; x_wconf 91' lang='lat' dir='ltr'><strong>ita</strong></span> 
     </span>
     <span class='ocr_line' id='line_1_44' title="bbox 343 3395 1150 3465; baseline -0.001 -16"><span class='ocrx_word' id='word_1_307' title='bbox 343 3395 588 3460; x_wconf 85' lang='lat' dir='ltr'><strong>subnascentibus,</strong></span> <span class='ocrx_word' id='word_1_308' title='bbox 610 3402 641 3447; x_wconf 94' lang='lat' dir='ltr'><strong>ut</strong></span> <span class='ocrx_word' id='word_1_309' title='bbox 662 3412 802 3464; x_wconf 85' lang='lat' dir='ltr'><strong>nunquam</strong></span> <span class='ocrx_word' id='word_1_310' title='bbox 823 3397 939 3449; x_wconf 89' lang='lat' dir='ltr'><strong>satietas</strong></span> <span class='ocrx_word' id='word_1_311' title='bbox 958 3397 1150 3465; x_wconf 78' lang='lat' dir='ltr'><strong>uoluptatibus</strong></span> 
     </span>
     <span class='ocr_line' id='line_1_45' title="bbox 343 3466 1150 3520; baseline 0.002 -2"><span class='ocrx_word' id='word_1_312' title='bbox 343 3468 426 3519; x_wconf 83' lang='lat' dir='ltr'><strong>desit.</strong></span> <span class='ocrx_word' id='word_1_313' title='bbox 473 3466 629 3518; x_wconf 89' lang='lat' dir='ltr'><strong>incolarum</strong></span> <span class='ocrx_word' id='word_1_314' title='bbox 649 3469 787 3517; x_wconf 90' lang='lat' dir='ltr'><strong>neminem</strong></span> <span class='ocrx_word' id='word_1_315' title='bbox 810 3467 931 3518; x_wconf 88' lang='lat' dir='ltr'><strong>interdiu</strong></span> <span class='ocrx_word' id='word_1_316' title='bbox 952 3468 1039 3519; x_wconf 88' lang='lat' dir='ltr'><strong>cerni:</strong></span> <span class='ocrx_word' id='word_1_317' title='bbox 1067 3468 1150 3520; x_wconf 89' lang='lat' dir='ltr'><strong>silere</strong></span> 
     </span>
     <span class='ocr_line' id='line_1_46' title="bbox 343 3534 1150 3601; baseline 0.004 -15"><span class='ocrx_word' id='word_1_318' title='bbox 343 3537 446 3598; x_wconf 81' lang='lat' dir='ltr'><strong>ouinia,</strong></span> <span class='ocrx_word' id='word_1_319' title='bbox 458 3534 530 3586; x_wconf 87' lang='lat' dir='ltr'><strong>haud</strong></span> <span class='ocrx_word' id='word_1_320' title='bbox 543 3534 608 3594; x_wconf 78' lang='lat' dir='ltr'><strong>aliu,</strong></span> <span class='ocrx_word' id='word_1_321' title='bbox 619 3549 701 3601; x_wconf 91' lang='lat' dir='ltr'><strong>quam</strong></span> <span class='ocrx_word' id='word_1_322' title='bbox 713 3535 904 3597; x_wconf 89' lang='lat' dir='ltr'><strong>solitudinum,</strong></span> <span class='ocrx_word' id='word_1_323' title='bbox 917 3535 1045 3589; x_wconf 88' lang='lat' dir='ltr'><strong>horrore:</strong></span> <span class='ocrx_word' id='word_1_324' title='bbox 1056 3538 1150 3589; x_wconf 89' lang='lat' dir='ltr'><strong>subire</strong></span> 
     </span>
     <span class='ocr_line' id='line_1_47' title="bbox 342 3603 1149 3671; baseline -0.002 -14"><span class='ocrx_word' id='word_1_325' title='bbox 342 3606 459 3658; x_wconf 88' lang='lat' dir='ltr'><strong>tacitam</strong></span> <span class='ocrx_word' id='word_1_326' title='bbox 485 3603 650 3669; x_wconf 76' lang='lat' dir='ltr'><strong>religionem</strong></span> <span class='ocrx_word' id='word_1_327' title='bbox 682 3603 792 3653; x_wconf 88' lang='lat' dir='ltr'><strong>aninros</strong></span> <span class='ocrx_word' id='word_1_328' title='bbox 815 3606 927 3671; x_wconf 89' lang='lat' dir='ltr'><strong>propius</strong></span> <span class='ocrx_word' id='word_1_329' title='bbox 949 3605 1149 3667; x_wconf 88' lang='lat' dir='ltr'><strong>accedentium,</strong></span> 
     </span>
     <span class='ocr_line' id='line_1_48' title="bbox 341 3670 1148 3744; baseline 0 -19"><span class='ocrx_word' id='word_1_330' title='bbox 341 3681 508 3744; x_wconf 86' lang='lat' dir='ltr'><strong>praetorque</strong></span> <span class='ocrx_word' id='word_1_331' title='bbox 520 3670 664 3723; x_wconf 88' lang='lat' dir='ltr'><strong>herrorem</strong></span> <span class='ocrx_word' id='word_1_332' title='bbox 676 3671 744 3723; x_wconf 88' lang='lat' dir='ltr'><strong>elati</strong></span> <span class='ocrx_word' id='word_1_333' title='bbox 755 3687 839 3738; x_wconf 87' lang='lat' dir='ltr'><strong>super</strong></span> <span class='ocrx_word' id='word_1_334' title='bbox 849 3674 953 3735; x_wconf 82' lang='lat' dir='ltr'><strong>nubila,</strong></span> <span class='ocrx_word' id='word_1_335' title='bbox 972 3681 1056 3741; x_wconf 89' lang='lat' dir='ltr'><strong>atque</strong></span> <span class='ocrx_word' id='word_1_336' title='bbox 1067 3674 1096 3725; x_wconf 89' lang='lat' dir='ltr'><strong>in</strong></span> <span class='ocrx_word' id='word_1_337' title='bbox 1110 3676 1148 3725; x_wconf 91' lang='lat' dir='ltr'><strong>ri·</strong></span> 
     </span>
     <span class='ocr_line' id='line_1_49' title="bbox 342 3740 1150 3796; baseline 0 -1"><span class='ocrx_word' id='word_1_338' title='bbox 342 3745 443 3796; x_wconf 91' lang='lat' dir='ltr'><strong>oinium</strong></span> <span class='ocrx_word' id='word_1_339' title='bbox 454 3744 560 3794; x_wconf 92' lang='lat' dir='ltr'><strong>lunaris</strong></span> <span class='ocrx_word' id='word_1_340' title='bbox 571 3740 677 3792; x_wconf 89' lang='lat' dir='ltr'><strong>circuli.</strong></span> <span class='ocrx_word' id='word_1_341' title='bbox 704 3741 827 3792; x_wconf 83' lang='lat' dir='ltr'><strong>Eundem</strong></span> <span class='ocrx_word' id='word_1_342' title='bbox 839 3744 968 3795; x_wconf 89' lang='lat' dir='ltr'><strong>noctibus</strong></span> <span class='ocrx_word' id='word_1_343' title='bbox 979 3744 1082 3795; x_wconf 90' lang='lat' dir='ltr'><strong>micare</strong></span> <span class='ocrx_word' id='word_1_344' title='bbox 1093 3759 1150 3795; x_wconf 89' lang='lat' dir='ltr'><strong>cre·</strong></span> 
     </span>
     <span class='ocr_line' id='line_1_50' title="bbox 340 3808 1148 3882; baseline -0.002 -16"><span class='ocrx_word' id='word_1_345' title='bbox 340 3814 401 3866; x_wconf 89' lang='lat' dir='ltr'><strong>bris</strong></span> <span class='ocrx_word' id='word_1_346' title='bbox 413 3813 539 3882; x_wconf 88' lang='lat' dir='ltr'><strong>ignibus,</strong></span> <span class='ocrx_word' id='word_1_347' title='bbox 561 3811 731 3878; x_wconf 84' lang='lat' dir='ltr'><strong>Aegipanum</strong></span> <span class='ocrx_word' id='word_1_348' title='bbox 743 3808 962 3880; x_wconf 87' lang='lat' dir='ltr'><strong>Satyrorumquc</strong></span> <span class='ocrx_word' id='word_1_349' title='bbox 973 3813 1088 3864; x_wconf 86' lang='lat' dir='ltr'><strong>lascivia</strong></span> <span class='ocrx_word' id='word_1_350' title='bbox 1098 3815 1148 3864; x_wconf 88' lang='lat' dir='ltr'><strong>im-</strong></span> 
     </span>
     <span class='ocr_line' id='line_1_51' title="bbox 342 3879 1149 3953; baseline -0.001 -19"><span class='ocrx_word' id='word_1_351' title='bbox 342 3884 428 3953; x_wconf 86' lang='lat' dir='ltr'><strong>pleri,</strong></span> <span class='ocrx_word' id='word_1_352' title='bbox 449 3882 580 3932; x_wconf 89' lang='lat' dir='ltr'><strong>tibiarum</strong></span> <span class='ocrx_word' id='word_1_353' title='bbox 597 3896 630 3930; x_wconf 91' lang='lat' dir='ltr'><strong>ac</strong></span> <span class='ocrx_word' id='word_1_354' title='bbox 647 3879 759 3930; x_wconf 81' lang='lat' dir='ltr'><strong>fistulae</strong></span> <span class='ocrx_word' id='word_1_355' title='bbox 775 3886 873 3941; x_wconf 89' lang='lat' dir='ltr'><strong>cantu,</strong></span> <span class='ocrx_word' id='word_1_356' title='bbox 895 3888 1149 3949; x_wconf 85' lang='lat' dir='ltr'><strong>tympanorumque</strong></span> 
     </span>
     <span class='ocr_line' id='line_1_52' title="bbox 342 3949 1150 4020; baseline -0.004 -15"><span class='ocrx_word' id='word_1_357' title='bbox 342 3960 371 4007; x_wconf 88' lang='lat' dir='ltr'><strong>et</strong></span> <span class='ocrx_word' id='word_1_358' title='bbox 382 3950 574 4020; x_wconf 73' lang='lat' dir='ltr'><strong>cymbalorum</strong></span> <span class='ocrx_word' id='word_1_359' title='bbox 585 3949 679 4001; x_wconf 88' lang='lat' dir='ltr'><strong>sonitu</strong></span> <span class='ocrx_word' id='word_1_360' title='bbox 691 3958 823 4014; x_wconf 86' lang='lat' dir='ltr'><strong>strepere.</strong></span> <span class='ocrx_word' id='word_1_361' title='bbox 860 3950 937 4001; x_wconf 85' lang='lat' dir='ltr'><strong>llaec</strong></span> <span class='ocrx_word' id='word_1_362' title='bbox 949 3950 1083 4002; x_wconf 88' lang='lat' dir='ltr'><strong>celebrati</strong></span> <span class='ocrx_word' id='word_1_363' title='bbox 1104 3968 1150 4003; x_wconf 89' lang='lat' dir='ltr'><strong>au·</strong></span> 
     </span>
     <span class='ocr_line' id='line_1_53' title="bbox 342 4018 1150 4087; baseline -0.004 -12"><span class='ocrx_word' id='word_1_364' title='bbox 342 4028 436 4076; x_wconf 90' lang='lat' dir='ltr'><strong>ctores</strong></span> <span class='ocrx_word' id='word_1_365' title='bbox 447 4019 605 4087; x_wconf 85' lang='lat' dir='ltr'><strong>prodidere,</strong></span> <span class='ocrx_word' id='word_1_366' title='bbox 614 4025 729 4085; x_wconf 89' lang='lat' dir='ltr'><strong>praeter</strong></span> <span class='ocrx_word' id='word_1_367' title='bbox 740 4018 856 4069; x_wconf 87' lang='lat' dir='ltr'><strong>llerculi</strong></span> <span class='ocrx_word' id='word_1_368' title='bbox 867 4027 895 4070; x_wconf 89' lang='lat' dir='ltr'><strong>et</strong></span> <span class='ocrx_word' id='word_1_369' title='bbox 907 4018 1009 4072; x_wconf 86' lang='lat' dir='ltr'><strong>Perseo</strong></span> <span class='ocrx_word' id='word_1_370' title='bbox 1022 4021 1150 4073; x_wconf 88' lang='lat' dir='ltr'><strong>laborata</strong></span> 
     </span>
     <span class='ocr_line' id='line_1_54' title="bbox 340 4087 1065 4157; baseline -0.01 -11"><span class='ocrx_word' id='word_1_371' title='bbox 340 4092 390 4146; x_wconf 83' lang='lat' dir='ltr'><strong>ibi.</strong></span> <span class='ocrx_word' id='word_1_372' title='bbox 427 4089 554 4157; x_wconf 85' lang='lat' dir='ltr'><strong>Spatium</strong></span> <span class='ocrx_word' id='word_1_373' title='bbox 568 4087 602 4138; x_wconf 91' lang='lat' dir='ltr'><strong>ad</strong></span> <span class='ocrx_word' id='word_1_374' title='bbox 615 4103 678 4139; x_wconf 87' lang='lat' dir='ltr'><strong>eum</strong></span> <span class='ocrx_word' id='word_1_375' title='bbox 689 4088 854 4139; x_wconf 89' lang='lat' dir='ltr'><strong>immensum</strong></span> <span class='ocrx_word' id='word_1_376' title='bbox 865 4089 1065 4156; x_wconf 90' lang='lat' dir='ltr'><strong>incertumque.</strong></span> 
     </span>
    </p>

    <p class='ocr_par' dir='ltr' id='par_1_5' title="bbox 340 4155 1151 4571">
     <span class='ocr_line' id='line_1_55' title="bbox 376 4155 1147 4223; baseline -0.008 -10"><span class='ocrx_word' id='word_1_377' title='bbox 376 4156 469 4214; x_wconf 75' lang='lat' dir='ltr'><strong>Fuere</strong></span> <span class='ocrx_word' id='word_1_378' title='bbox 485 4165 513 4211; x_wconf 90' lang='lat' dir='ltr'><strong>et</strong></span> <span class='ocrx_word' id='word_1_379' title='bbox 524 4159 669 4210; x_wconf 89' lang='lat' dir='ltr'><strong>llannonis</strong></span> <span class='ocrx_word' id='word_1_380' title='bbox 681 4155 951 4223; x_wconf 82' lang='lat' dir='ltr'><strong>Carthaginiensium</strong></span> <span class='ocrx_word' id='word_1_381' title='bbox 974 4157 1053 4209; x_wconf 93' lang='lat' dir='ltr'><strong>ducis</strong></span> <span class='ocrx_word' id='word_1_382' title='bbox 1074 4172 1147 4209; x_wconf 91' lang='lat' dir='ltr'><strong>com·</strong></span> 
     </span>
     <span class='ocr_line' id='line_1_56' title="bbox 340 4223 1148 4294; baseline -0.007 -9"><span class='ocrx_word' id='word_1_383' title='bbox 340 4230 482 4291; x_wconf 74' lang='lat' dir='ltr'><strong>mentuali,</strong></span> <span class='ocrx_word' id='word_1_384' title='bbox 493 4228 607 4281; x_wconf 87' lang='lat' dir='ltr'><strong>Punicis</strong></span> <span class='ocrx_word' id='word_1_385' title='bbox 619 4228 702 4280; x_wconf 91' lang='lat' dir='ltr'><strong>rebus</strong></span> <span class='ocrx_word' id='word_1_386' title='bbox 712 4223 918 4277; x_wconf 82' lang='lat' dir='ltr'><strong>florentissimis</strong></span> <span class='ocrx_word' id='word_1_387' title='bbox 930 4226 1079 4294; x_wconf 81' lang='lat' dir='ltr'><strong>explorare</strong></span> <span class='ocrx_word' id='word_1_388' title='bbox 1090 4243 1148 4279; x_wconf 87' lang='lat' dir='ltr'><strong>nm·</strong></span> 
     </span>
     <span class='ocr_line' id='line_1_57' title="bbox 340 4296 1150 4365; baseline -0.007 -11"><span class='ocrx_word' id='word_1_389' title='bbox 340 4304 433 4354; x_wconf 89' lang='lat' dir='ltr'><strong>bitum</strong></span> <span class='ocrx_word' id='word_1_390' title='bbox 444 4299 556 4352; x_wconf 75' lang='lat' dir='ltr'><strong>Africae</strong></span> <span class='ocrx_word' id='word_1_391' title='bbox 567 4299 649 4349; x_wconf 87' lang='lat' dir='ltr'><strong>iussi:</strong></span> <span class='ocrx_word' id='word_1_392' title='bbox 673 4310 752 4365; x_wconf 89' lang='lat' dir='ltr'><strong>quem</strong></span> <span class='ocrx_word' id='word_1_393' title='bbox 765 4296 854 4347; x_wconf 88' lang='lat' dir='ltr'><strong>secuti</strong></span> <span class='ocrx_word' id='word_1_394' title='bbox 864 4297 992 4365; x_wconf 87' lang='lat' dir='ltr'><strong>plerique</strong></span> <span class='ocrx_word' id='word_1_395' title='bbox 1008 4314 1023 4349; x_wconf 88' lang='lat' dir='ltr'><strong>e</strong></span> <span class='ocrx_word' id='word_1_396' title='bbox 1035 4297 1150 4350; x_wconf 82' lang='lat' dir='ltr'><strong>Graecis</strong></span> 
     </span>
     <span class='ocr_line' id='line_1_58' title="bbox 342 4364 1150 4435; baseline -0.007 -11"><span class='ocrx_word' id='word_1_397' title='bbox 342 4369 513 4433; x_wconf 86' lang='lat' dir='ltr'><strong>nostrisque,</strong></span> <span class='ocrx_word' id='word_1_398' title='bbox 524 4376 553 4421; x_wconf 87' lang='lat' dir='ltr'><strong>et</strong></span> <span class='ocrx_word' id='word_1_399' title='bbox 563 4369 619 4420; x_wconf 88' lang='lat' dir='ltr'><strong>alia</strong></span> <span class='ocrx_word' id='word_1_400' title='bbox 630 4368 740 4435; x_wconf 88' lang='lat' dir='ltr'><strong>quidem</strong></span> <span class='ocrx_word' id='word_1_401' title='bbox 754 4364 892 4429; x_wconf 75' lang='lat' dir='ltr'><strong>fabuloso,</strong></span> <span class='ocrx_word' id='word_1_402' title='bbox 914 4375 942 4420; x_wconf 91' lang='lat' dir='ltr'><strong>et</strong></span> <span class='ocrx_word' id='word_1_403' title='bbox 954 4367 1036 4420; x_wconf 90' lang='lat' dir='ltr'><strong>urbes</strong></span> <span class='ocrx_word' id='word_1_404' title='bbox 1047 4368 1150 4419; x_wconf 89' lang='lat' dir='ltr'><strong>multas</strong></span> 
     </span>
     <span class='ocr_line' id='line_1_59' title="bbox 342 4435 1151 4506; baseline -0.002 -15"><span class='ocrx_word' id='word_1_405' title='bbox 342 4440 378 4493; x_wconf 89' lang='lat' dir='ltr'><strong>nb</strong></span> <span class='ocrx_word' id='word_1_406' title='bbox 391 4453 425 4489; x_wconf 93' lang='lat' dir='ltr'><strong>eo</strong></span> <span class='ocrx_word' id='word_1_407' title='bbox 437 4435 564 4487; x_wconf 86' lang='lat' dir='ltr'><strong>conditas</strong></span> <span class='ocrx_word' id='word_1_408' title='bbox 576 4438 614 4489; x_wconf 87' lang='lat' dir='ltr'><strong>ibi</strong></span> <span class='ocrx_word' id='word_1_409' title='bbox 625 4436 773 4505; x_wconf 90' lang='lat' dir='ltr'><strong>prodidere</strong></span> <span class='ocrx_word' id='word_1_410' title='bbox 779 4475 788 4504; x_wconf 90' lang='lat'><strong>,</strong></span> <span class='ocrx_word' id='word_1_411' title='bbox 811 4452 927 4506; x_wconf 89' lang='lat' dir='ltr'><strong>quarum</strong></span> <span class='ocrx_word' id='word_1_412' title='bbox 945 4452 997 4490; x_wconf 87' lang='lat' dir='ltr'><strong>occ</strong></span> <span class='ocrx_word' id='word_1_413' title='bbox 1015 4441 1151 4490; x_wconf 86' lang='lat' dir='ltr'><strong>meororia</strong></span> 
     </span>
     <span class='ocr_line' id='line_1_60' title="bbox 343 4506 744 4571; baseline 0.01 -16"><span class='ocrx_word' id='word_1_414' title='bbox 343 4507 412 4568; x_wconf 86' lang='lat' dir='ltr'><strong>ulla,</strong></span> <span class='ocrx_word' id='word_1_415' title='bbox 423 4519 473 4556; x_wconf 91' lang='lat' dir='ltr'><strong>uec</strong></span> <span class='ocrx_word' id='word_1_416' title='bbox 483 4506 631 4571; x_wconf 85' lang='lat' dir='ltr'><strong>vestigium</strong></span> <span class='ocrx_word' id='word_1_417' title='bbox 643 4513 744 4559; x_wconf 84' lang='lat' dir='ltr'><strong>exstat.</strong></span> 
     </span>
    </p>

    <p class='ocr_par' dir='ltr' id='par_1_6' title="bbox 343 4574 1151 5181">
     <span class='ocr_line' id='line_1_61' title="bbox 377 4574 1151 4644; baseline 0 -16"><span class='ocrx_word' id='word_1_418' title='bbox 377 4574 508 4640; x_wconf 85' lang='lat' dir='ltr'><strong>Scipione</strong></span> <span class='ocrx_word' id='word_1_419' title='bbox 518 4574 674 4626; x_wconf 87' lang='lat' dir='ltr'><strong>Aemiliano</strong></span> <span class='ocrx_word' id='word_1_420' title='bbox 685 4592 729 4628; x_wconf 84' lang='lat' dir='ltr'><strong>res</strong></span> <span class='ocrx_word' id='word_1_421' title='bbox 740 4576 769 4626; x_wconf 93' lang='lat' dir='ltr'><strong>in</strong></span> <span class='ocrx_word' id='word_1_422' title='bbox 778 4576 872 4629; x_wconf 80' lang='lat' dir='ltr'><strong>Africa</strong></span> <span class='ocrx_word' id='word_1_423' title='bbox 883 4580 1009 4644; x_wconf 87' lang='lat' dir='ltr'><strong>gerente,</strong></span> <span class='ocrx_word' id='word_1_424' title='bbox 1015 4574 1151 4644; x_wconf 83' lang='lat' dir='ltr'><strong>Polybius</strong></span> 
     </span>
     <span class='ocr_line' id='line_1_62' title="bbox 343 4639 1151 4711; baseline 0 -15"><span class='ocrx_word' id='word_1_425' title='bbox 343 4643 491 4696; x_wconf 89' lang='lat' dir='ltr'><strong>Annalium</strong></span> <span class='ocrx_word' id='word_1_426' title='bbox 503 4639 645 4700; x_wconf 90' lang='lat' dir='ltr'><strong>conditor,</strong></span> <span class='ocrx_word' id='word_1_427' title='bbox 666 4644 701 4693; x_wconf 89' lang='lat' dir='ltr'><strong>ab</strong></span> <span class='ocrx_word' id='word_1_428' title='bbox 713 4659 746 4695; x_wconf 89' lang='lat' dir='ltr'><strong>eo</strong></span> <span class='ocrx_word' id='word_1_429' title='bbox 757 4654 872 4711; x_wconf 86' lang='lat' dir='ltr'><strong>accepta</strong></span> <span class='ocrx_word' id='word_1_430' title='bbox 883 4646 986 4709; x_wconf 87' lang='lat' dir='ltr'><strong>classe,</strong></span> <span class='ocrx_word' id='word_1_431' title='bbox 1005 4647 1151 4699; x_wconf 88' lang='lat' dir='ltr'><strong>scrutandi</strong></span> 
     </span>
     <span class='ocr_line' id='line_1_63' title="bbox 343 4710 1150 4781; baseline -0.001 -14"><span class='ocrx_word' id='word_1_432' title='bbox 343 4714 422 4767; x_wconf 86' lang='lat' dir='ltr'><strong>illins</strong></span> <span class='ocrx_word' id='word_1_433' title='bbox 434 4711 509 4762; x_wconf 88' lang='lat' dir='ltr'><strong>orbis</strong></span> <span class='ocrx_word' id='word_1_434' title='bbox 519 4710 613 4778; x_wconf 87' lang='lat' dir='ltr'><strong>gratia</strong></span> <span class='ocrx_word' id='word_1_435' title='bbox 624 4712 833 4775; x_wconf 81' lang='lat' dir='ltr'><strong>circumvectus,</strong></span> <span class='ocrx_word' id='word_1_436' title='bbox 845 4716 1000 4781; x_wconf 89' lang='lat' dir='ltr'><strong>prodidit,a</strong></span> <span class='ocrx_word' id='word_1_437' title='bbox 1010 4724 1105 4767; x_wconf 89' lang='lat' dir='ltr'><strong>monte</strong></span> <span class='ocrx_word' id='word_1_438' title='bbox 1117 4730 1150 4767; x_wconf 91' lang='lat' dir='ltr'><strong>eo</strong></span> 
     </span>
     <span class='ocr_line' id='line_1_64' title="bbox 344 4778 1151 4852; baseline 0 -17"><span class='ocrx_word' id='word_1_439' title='bbox 344 4783 380 4836; x_wconf 87' lang='lat' dir='ltr'><strong>ad</strong></span> <span class='ocrx_word' id='word_1_440' title='bbox 391 4794 520 4834; x_wconf 86' lang='lat' dir='ltr'><strong>occasum</strong></span> <span class='ocrx_word' id='word_1_441' title='bbox 530 4792 627 4829; x_wconf 81' lang='lat' dir='ltr'><strong>versus</strong></span> <span class='ocrx_word' id='word_1_442' title='bbox 637 4778 726 4828; x_wconf 88' lang='lat' dir='ltr'><strong>saltus</strong></span> <span class='ocrx_word' id='word_1_443' title='bbox 737 4778 834 4843; x_wconf 89' lang='lat' dir='ltr'><strong>plenos</strong></span> <span class='ocrx_word' id='word_1_444' title='bbox 847 4784 929 4843; x_wconf 85' lang='lat' dir='ltr'><strong>ieris,</strong></span> <span class='ocrx_word' id='word_1_445' title='bbox 948 4800 1017 4852; x_wconf 88' lang='lat' dir='ltr'><strong>quas</strong></span> <span class='ocrx_word' id='word_1_446' title='bbox 1034 4791 1151 4851; x_wconf 87' lang='lat' dir='ltr'><strong>generat</strong></span> 
     </span>
     <span class='ocr_line' id='line_1_65' title="bbox 344 4848 1150 4920; baseline -0.005 -15"><span class='ocrx_word' id='word_1_447' title='bbox 344 4851 445 4911; x_wconf 73' lang='lat' dir='ltr'><strong>Africa,</strong></span> <span class='ocrx_word' id='word_1_448' title='bbox 457 4849 492 4901; x_wconf 91' lang='lat' dir='ltr'><strong>ad</strong></span> <span class='ocrx_word' id='word_1_449' title='bbox 504 4849 605 4901; x_wconf 86' lang='lat' dir='ltr'><strong>ilumen</strong></span> <span class='ocrx_word' id='word_1_450' title='bbox 617 4848 715 4901; x_wconf 83' lang='lat' dir='ltr'><strong>Auatin</strong></span> <span class='ocrx_word' id='word_1_451' title='bbox 729 4848 948 4905; x_wconf 73' lang='lat' dir='ltr'><strong>ccccuxxxv</strong></span> <span class='ocrx_word' id='word_1_452' title='bbox 961 4856 999 4904; x_wconf 86' lang='lat' dir='ltr'><strong>M.</strong></span> <span class='ocrx_word' id='word_1_453' title='bbox 1011 4868 1083 4920; x_wconf 82' lang='lat' dir='ltr'><strong>pass.</strong></span> <span class='ocrx_word' id='word_1_454' title='bbox 1110 4854 1150 4904; x_wconf 93' lang='lat' dir='ltr'><strong>Ab</strong></span> 
     </span>
     <span class='ocr_line' id='line_1_66' title="bbox 345 4917 1150 4986; baseline 0.004 -16"><span class='ocrx_word' id='word_1_455' title='bbox 345 4936 379 4974; x_wconf 87' lang='lat' dir='ltr'><strong>eo</strong></span> <span class='ocrx_word' id='word_1_456' title='bbox 391 4919 493 4971; x_wconf 80' lang='lat' dir='ltr'><strong>Lixum</strong></span> <span class='ocrx_word' id='word_1_457' title='bbox 510 4917 579 4970; x_wconf 84' lang='lat' dir='ltr'><strong>CCV</strong></span> <span class='ocrx_word' id='word_1_458' title='bbox 596 4918 636 4969; x_wconf 93' lang='grc' dir='ltr'><strong>Μ.</strong></span> <span class='ocrx_word' id='word_1_459' title='bbox 646 4931 788 4986; x_wconf 88' lang='lat' dir='ltr'><strong>passuum,</strong></span> <span class='ocrx_word' id='word_1_460' title='bbox 806 4931 823 4966; x_wconf 91' lang='lat' dir='ltr'><strong>a</strong></span> <span class='ocrx_word' id='word_1_461' title='bbox 837 4917 977 4972; x_wconf 89' lang='lat' dir='ltr'><strong>Gaditano</strong></span> <span class='ocrx_word' id='word_1_462' title='bbox 989 4921 1064 4973; x_wconf 81' lang='lat' dir='ltr'><strong>freto</strong></span> <span class='ocrx_word' id='word_1_463' title='bbox 1077 4922 1150 4974; x_wconf 83' lang='lat' dir='ltr'><strong>cxii</strong></span> 
     </span>
     <span class='ocr_line' id='line_1_67' title="bbox 343 4986 1149 5059; baseline 0 -17"><span class='ocrx_word' id='word_1_464' title='bbox 343 4990 383 5042; x_wconf 89' lang='grc' dir='ltr'><strong>Μ.</strong></span> <span class='ocrx_word' id='word_1_465' title='bbox 394 5003 526 5059; x_wconf 88' lang='lat' dir='ltr'><strong>passuum</strong></span> <span class='ocrx_word' id='word_1_466' title='bbox 536 4990 643 5039; x_wconf 88' lang='lat' dir='ltr'><strong>abesse.</strong></span> <span class='ocrx_word' id='word_1_467' title='bbox 672 4986 849 5047; x_wconf 72' lang='lat' dir='ltr'><strong>metesinum,</strong></span> <span class='ocrx_word' id='word_1_468' title='bbox 860 4988 907 5053; x_wconf 92' lang='lat' dir='ltr'><strong>qui</strong></span> <span class='ocrx_word' id='word_1_469' title='bbox 918 4998 1032 5041; x_wconf 77' lang='lat' dir='ltr'><strong>vocetur</strong></span> <span class='ocrx_word' id='word_1_470' title='bbox 1042 4989 1149 5059; x_wconf 88' lang='lat' dir='ltr'><strong>Saguti.</strong></span> 
     </span>
     <span class='ocr_line' id='line_1_68' title="bbox 344 5055 1150 5127; baseline -0.004 -15"><span class='ocrx_word' id='word_1_471' title='bbox 344 5059 482 5127; x_wconf 83' lang='lat' dir='ltr'><strong>Oppidum</strong></span> <span class='ocrx_word' id='word_1_472' title='bbox 495 5057 524 5108; x_wconf 90' lang='lat' dir='ltr'><strong>in</strong></span> <span class='ocrx_word' id='word_1_473' title='bbox 537 5055 728 5122; x_wconf 87' lang='lat' dir='ltr'><strong>promontorio</strong></span> <span class='ocrx_word' id='word_1_474' title='bbox 740 5055 911 5107; x_wconf 84' lang='lat' dir='ltr'><strong>Mulelacha.</strong></span> <span class='ocrx_word' id='word_1_475' title='bbox 947 5058 1078 5111; x_wconf 82' lang='lat' dir='ltr'><strong>Flumina</strong></span> <span class='ocrx_word' id='word_1_476' title='bbox 1099 5060 1150 5112; x_wconf 89' lang='lat' dir='ltr'><strong>Su-</strong></span> 
     </span>
     <span class='ocr_line' id='line_1_69' title="bbox 343 5123 1150 5181; baseline -0.001 0"><span class='ocrx_word' id='word_1_477' title='bbox 343 5128 397 5181; x_wconf 93' lang='lat' dir='ltr'><strong>bur</strong></span> <span class='ocrx_word' id='word_1_478' title='bbox 407 5134 436 5181; x_wconf 93' lang='lat' dir='ltr'><strong>et</strong></span> <span class='ocrx_word' id='word_1_479' title='bbox 445 5126 549 5179; x_wconf 81' lang='lat' dir='ltr'><strong>Salam.</strong></span> <span class='ocrx_word' id='word_1_480' title='bbox 585 5125 699 5176; x_wconf 87' lang='lat' dir='ltr'><strong>Portum</strong></span> <span class='ocrx_word' id='word_1_481' title='bbox 713 5124 830 5175; x_wconf 83' lang='lat' dir='ltr'><strong>Rutubis</strong></span> <span class='ocrx_word' id='word_1_482' title='bbox 851 5139 869 5175; x_wconf 89' lang='lat' dir='ltr'><strong>a</strong></span> <span class='ocrx_word' id='word_1_483' title='bbox 887 5123 958 5176; x_wconf 83' lang='lat' dir='ltr'><strong>Lixo</strong></span> <span class='ocrx_word' id='word_1_484' title='bbox 982 5127 1091 5179; x_wconf 83' lang='lat' dir='ltr'><strong>ccxlii</strong></span> <span class='ocrx_word' id='word_1_485' title='bbox 1110 5128 1150 5181; x_wconf 88' lang='lat' dir='ltr'><strong>M.</strong></span> 
     </span>
    </p>

    <p class='ocr_par' dir='ltr' id='par_1_7' title="bbox 343 5190 1152 5679">
     <span class='ocr_line' id='line_1_70' title="bbox 395 5190 1149 5261; baseline 0.001 -12"><span class='ocrx_word' id='word_1_486' title='bbox 395 5211 416 5249; x_wconf 92' lang='lat' dir='ltr'><strong>s.</strong></span> <span class='ocrx_word' id='word_1_487' title='bbox 452 5194 520 5248; x_wconf 86' lang='lat' dir='ltr'><strong>ludo</strong></span> <span class='ocrx_word' id='word_1_488' title='bbox 541 5194 762 5261; x_wconf 89' lang='lat' dir='ltr'><strong>promontorium</strong></span> <span class='ocrx_word' id='word_1_489' title='bbox 774 5190 862 5243; x_wconf 88' lang='lat' dir='ltr'><strong>Solis:</strong></span> <span class='ocrx_word' id='word_1_490' title='bbox 881 5204 993 5259; x_wconf 87' lang='lat' dir='ltr'><strong>portum</strong></span> <span class='ocrx_word' id='word_1_491' title='bbox 1010 5194 1149 5250; x_wconf 83' lang='lat' dir='ltr'><strong>llisardir:</strong></span> 
     </span>
     <span class='ocr_line' id='line_1_71' title="bbox 343 5212 1148 5330; baseline 0 -10"><span class='ocrx_word' id='word_1_492' title='bbox 343 5212 481 5320; x_wconf 51' lang='lat' dir='ltr'><strong>hhetulm</strong></span> <span class='ocrx_word' id='word_1_493' title='bbox 492 5263 649 5319; x_wconf 82' lang='lat' dir='ltr'><strong>Autololes:</strong></span> <span class='ocrx_word' id='word_1_494' title='bbox 671 5260 772 5314; x_wconf 89' lang='lat' dir='ltr'><strong>ilumen</strong></span> <span class='ocrx_word' id='word_1_495' title='bbox 795 5262 944 5313; x_wconf 81' lang='lat' dir='ltr'><strong>cosanum:</strong></span> <span class='ocrx_word' id='word_1_496' title='bbox 966 5272 1063 5330; x_wconf 86' lang='lat' dir='ltr'><strong>gentes</strong></span> <span class='ocrx_word' id='word_1_497' title='bbox 1083 5267 1148 5320; x_wconf 85' lang='lat' dir='ltr'><strong>Sce-</strong></span> 
     </span>
     <span class='ocr_line' id='line_1_72' title="bbox 343 5329 1152 5398; baseline -0.002 -9"><span class='ocrx_word' id='word_1_498' title='bbox 343 5336 438 5388; x_wconf 89' lang='lat' dir='ltr'><strong>latitos</strong></span> <span class='ocrx_word' id='word_1_499' title='bbox 449 5342 478 5388; x_wconf 91' lang='lat' dir='ltr'><strong>et</strong></span> <span class='ocrx_word' id='word_1_500' title='bbox 488 5335 623 5385; x_wconf 86' lang='lat' dir='ltr'><strong>Masatos.</strong></span> <span class='ocrx_word' id='word_1_501' title='bbox 660 5332 778 5384; x_wconf 87' lang='lat' dir='ltr'><strong>Flumen</strong></span> <span class='ocrx_word' id='word_1_502' title='bbox 788 5329 926 5383; x_wconf 82' lang='lat' dir='ltr'><strong>Masatnt:</strong></span> <span class='ocrx_word' id='word_1_503' title='bbox 938 5330 1039 5384; x_wconf 82' lang='lat' dir='ltr'><strong>humen</strong></span> <span class='ocrx_word' id='word_1_504' title='bbox 1050 5335 1152 5398; x_wconf 86' lang='lat' dir='ltr'><strong>Darat,</strong></span> 
     </span>
     <span class='ocr_line' id='line_1_73' title="bbox 344 5399 1148 5482; baseline 0.005 -28"><span class='ocrx_word' id='word_1_505' title='bbox 344 5406 374 5455; x_wconf 88' lang='lat' dir='ltr'><strong>in</strong></span> <span class='ocrx_word' id='word_1_506' title='bbox 384 5420 438 5473; x_wconf 90' lang='lat' dir='ltr'><strong>quo</strong></span> <span class='ocrx_word' id='word_1_507' title='bbox 449 5402 605 5457; x_wconf 86' lang='lat' dir='ltr'><strong>crocodilos</strong></span> <span class='ocrx_word' id='word_1_508' title='bbox 614 5401 697 5482; x_wconf 81' lang='lat' dir='ltr'><strong>gigni</strong></span> <span class='ocrx_word' id='word_1_509' title='bbox 733 5399 843 5452; x_wconf 83' lang='lat' dir='ltr'><strong>Deinde</strong></span> <span class='ocrx_word' id='word_1_510' title='bbox 864 5400 953 5451; x_wconf 90' lang='lat' dir='ltr'><strong>sinum</strong></span> <span class='ocrx_word' id='word_1_511' title='bbox 974 5400 1088 5457; x_wconf 83' lang='lat' dir='ltr'><strong>bcxvr</strong></span> <span class='ocrx_word' id='word_1_512' title='bbox 1109 5406 1148 5457; x_wconf 88' lang='grc' dir='ltr'><strong>Μ.</strong></span> 
     </span>
     <span class='ocr_line' id='line_1_74' title="bbox 345 5469 1150 5539; baseline 0.002 -14"><span class='ocrx_word' id='word_1_513' title='bbox 345 5486 418 5539; x_wconf 86' lang='lat' dir='ltr'><strong>pass.</strong></span> <span class='ocrx_word' id='word_1_514' title='bbox 430 5473 534 5525; x_wconf 92' lang='lat' dir='ltr'><strong>includi</strong></span> <span class='ocrx_word' id='word_1_515' title='bbox 544 5477 646 5522; x_wconf 85' lang='lat' dir='ltr'><strong>montis</strong></span> <span class='ocrx_word' id='word_1_516' title='bbox 664 5469 753 5521; x_wconf 90' lang='lat' dir='ltr'><strong>Barce</strong></span> <span class='ocrx_word' id='word_1_517' title='bbox 774 5469 966 5536; x_wconf 88' lang='lat' dir='ltr'><strong>promontorio</strong></span> <span class='ocrx_word' id='word_1_518' title='bbox 988 5483 1150 5528; x_wconf 80' lang='lat' dir='ltr'><strong>excurrente</strong></span> 
     </span>
     <span class='ocr_line' id='line_1_75' title="bbox 346 5537 1150 5607; baseline 0.004 -15"><span class='ocrx_word' id='word_1_519' title='bbox 346 5541 375 5592; x_wconf 88' lang='lat' dir='ltr'><strong>in</strong></span> <span class='ocrx_word' id='word_1_520' title='bbox 387 5556 528 5604; x_wconf 86' lang='lat' dir='ltr'><strong>occasum,</strong></span> <span class='ocrx_word' id='word_1_521' title='bbox 549 5539 624 5607; x_wconf 92' lang='lat' dir='ltr'><strong>qnod</strong></span> <span class='ocrx_word' id='word_1_522' title='bbox 635 5539 758 5607; x_wconf 75' lang='lat' dir='ltr'><strong>appellat</strong></span> <span class='ocrx_word' id='word_1_523' title='bbox 769 5540 953 5591; x_wconf 75' lang='lat' dir='ltr'><strong>Surrentium.</strong></span> <span class='ocrx_word' id='word_1_524' title='bbox 988 5537 1092 5592; x_wconf 83' lang='lat' dir='ltr'><strong>Postea</strong></span> <span class='ocrx_word' id='word_1_525' title='bbox 1100 5542 1150 5595; x_wconf 84' lang='lat' dir='ltr'><strong>ilu-</strong></span> 
     </span>
     <span class='ocr_line' id='line_1_76' title="bbox 348 5607 1148 5679; baseline 0.001 -18"><span class='ocrx_word' id='word_1_526' title='bbox 348 5607 869 5679; x_wconf 83' lang='lat' dir='ltr'><strong>menPalsum,ultraquodAetbiopas</strong></span> <span class='ocrx_word' id='word_1_527' title='bbox 878 5608 1148 5677; x_wconf 82' lang='lat' dir='ltr'><strong>Perorsos‚quurum</strong></span> 
     </span>
    </p>
   </div>
   <div class='ocr_carea' id='block_1_4' title="bbox 1202 478 2015 2012">
    <p class='ocr_par' dir='ltr' id='par_1_8' title="bbox 1202 478 2015 1037">
     <span class='ocr_line' id='line_1_77' title="bbox 1205 478 2013 550; baseline -0.001 -15"><span class='ocrx_word' id='word_1_528' title='bbox 1205 487 1315 550; x_wconf 87' lang='lat' dir='ltr'><strong>atergo</strong></span> <span class='ocrx_word' id='word_1_529' title='bbox 1327 480 1489 535; x_wconf 85' lang='lat' dir='ltr'><strong>Pharusios.</strong></span> <span class='ocrx_word' id='word_1_530' title='bbox 1508 480 1546 534; x_wconf 92' lang='lat' dir='ltr'><strong>lis</strong></span> <span class='ocrx_word' id='word_1_531' title='bbox 1555 480 1635 549; x_wconf 88' lang='lat' dir='ltr'><strong>iungi</strong></span> <span class='ocrx_word' id='word_1_532' title='bbox 1646 478 1868 533; x_wconf 86' lang='lat' dir='ltr'><strong>mediterraneos</strong></span> <span class='ocrx_word' id='word_1_533' title='bbox 1878 480 2013 536; x_wconf 87' lang='lat' dir='ltr'><strong>Gaetulos</strong></span> 
     </span>
     <span class='ocr_line' id='line_1_78' title="bbox 1203 548 2015 618; baseline 0 -15"><span class='ocrx_word' id='word_1_534' title='bbox 1203 551 1304 605; x_wconf 82' lang='lat' dir='ltr'><strong>Daras.</strong></span> <span class='ocrx_word' id='word_1_535' title='bbox 1341 555 1376 605; x_wconf 89' lang='lat' dir='ltr'><strong>At</strong></span> <span class='ocrx_word' id='word_1_536' title='bbox 1386 553 1415 602; x_wconf 93' lang='lat' dir='ltr'><strong>in</strong></span> <span class='ocrx_word' id='word_1_537' title='bbox 1426 565 1477 603; x_wconf 91' lang='lat' dir='ltr'><strong>ora</strong></span> <span class='ocrx_word' id='word_1_538' title='bbox 1485 549 1637 618; x_wconf 87' lang='lat' dir='ltr'><strong>Aethiopas</strong></span> <span class='ocrx_word' id='word_1_539' title='bbox 1648 550 1802 614; x_wconf 86' lang='lat' dir='ltr'><strong>Daratitas,</strong></span> <span class='ocrx_word' id='word_1_540' title='bbox 1819 548 1922 603; x_wconf 85' lang='lat' dir='ltr'><strong>hunren</strong></span> <span class='ocrx_word' id='word_1_541' title='bbox 1933 551 2015 603; x_wconf 77' lang='lat' dir='ltr'><strong>liam·</strong></span> 
     </span>
     <span class='ocr_line' id='line_1_79' title="bbox 1204 618 2013 687; baseline 0.001 -13"><span class='ocrx_word' id='word_1_542' title='bbox 1204 622 1311 684; x_wconf 89' lang='lat' dir='ltr'><strong>butum,</strong></span> <span class='ocrx_word' id='word_1_543' title='bbox 1323 620 1474 674; x_wconf 88' lang='lat' dir='ltr'><strong>crocodilis</strong></span> <span class='ocrx_word' id='word_1_544' title='bbox 1485 627 1513 672; x_wconf 87' lang='lat' dir='ltr'><strong>et</strong></span> <span class='ocrx_word' id='word_1_545' title='bbox 1523 618 1732 687; x_wconf 88' lang='lat' dir='ltr'><strong>hippopotamis</strong></span> <span class='ocrx_word' id='word_1_546' title='bbox 1746 619 1891 672; x_wconf 81' lang='lat' dir='ltr'><strong>refertum.</strong></span> <span class='ocrx_word' id='word_1_547' title='bbox 1928 623 1967 672; x_wconf 86' lang='lat' dir='ltr'><strong>Ab</strong></span> <span class='ocrx_word' id='word_1_548' title='bbox 1979 638 2013 675; x_wconf 92' lang='lat' dir='ltr'><strong>eo</strong></span> 
     </span>
     <span class='ocr_line' id='line_1_80' title="bbox 1204 688 2012 759; baseline 0.001 -17"><span class='ocrx_word' id='word_1_549' title='bbox 1204 698 1316 744; x_wconf 86' lang='lat' dir='ltr'><strong>urentes</strong></span> <span class='ocrx_word' id='word_1_550' title='bbox 1326 696 1479 759; x_wconf 90' lang='lat' dir='ltr'><strong>perpetuos</strong></span> <span class='ocrx_word' id='word_1_551' title='bbox 1490 706 1577 757; x_wconf 89' lang='lat' dir='ltr'><strong>usquo</strong></span> <span class='ocrx_word' id='word_1_552' title='bbox 1588 690 1624 741; x_wconf 87' lang='lat' dir='ltr'><strong>ad</strong></span> <span class='ocrx_word' id='word_1_553' title='bbox 1636 704 1708 753; x_wconf 81' lang='lat' dir='ltr'><strong>enni,</strong></span> <span class='ocrx_word' id='word_1_554' title='bbox 1729 705 1810 758; x_wconf 86' lang='lat' dir='ltr'><strong>quem</strong></span> <span class='ocrx_word' id='word_1_555' title='bbox 1818 688 1916 741; x_wconf 83' lang='lat' dir='ltr'><strong>Theon</strong></span> <span class='ocrx_word' id='word_1_556' title='bbox 1929 690 2012 744; x_wconf 88' lang='lat' dir='ltr'><strong>eche·</strong></span> 
     </span>
     <span class='ocr_line' id='line_1_81' title="bbox 1204 758 2013 826; baseline 0 -13"><span class='ocrx_word' id='word_1_557' title='bbox 1204 776 1251 813; x_wconf 85' lang='lat' dir='ltr'><strong>ma</strong></span> <span class='ocrx_word' id='word_1_558' title='bbox 1262 762 1393 814; x_wconf 87' lang='lat' dir='ltr'><strong>dicemus.</strong></span> <span class='ocrx_word' id='word_1_559' title='bbox 1422 758 1536 812; x_wconf 84' lang='lat' dir='ltr'><strong>indeed</strong></span> <span class='ocrx_word' id='word_1_560' title='bbox 1548 758 1771 826; x_wconf 88' lang='lat' dir='ltr'><strong>promontorium</strong></span> <span class='ocrx_word' id='word_1_561' title='bbox 1782 759 1952 826; x_wconf 91' lang='lat' dir='ltr'><strong>llesperium</strong></span> <span class='ocrx_word' id='word_1_562' title='bbox 1966 776 2013 814; x_wconf 89' lang='lat' dir='ltr'><strong>na·</strong></span> 
     </span>
     <span class='ocr_line' id='line_1_82' title="bbox 1202 828 2012 898; baseline 0 -16"><span class='ocrx_word' id='word_1_563' title='bbox 1202 830 1348 898; x_wconf 83' lang='lat' dir='ltr'><strong>rigatione</strong></span> <span class='ocrx_word' id='word_1_564' title='bbox 1366 831 1476 882; x_wconf 90' lang='lat' dir='ltr'><strong>dierum</strong></span> <span class='ocrx_word' id='word_1_565' title='bbox 1494 845 1527 880; x_wconf 89' lang='lat' dir='ltr'><strong>ac</strong></span> <span class='ocrx_word' id='word_1_566' title='bbox 1543 831 1667 881; x_wconf 91' lang='lat' dir='ltr'><strong>noctium</strong></span> <span class='ocrx_word' id='word_1_567' title='bbox 1685 828 1794 891; x_wconf 88' lang='lat' dir='ltr'><strong>decem,</strong></span> <span class='ocrx_word' id='word_1_568' title='bbox 1813 829 1843 879; x_wconf 91' lang='lat' dir='ltr'><strong>in</strong></span> <span class='ocrx_word' id='word_1_569' title='bbox 1866 829 1958 882; x_wconf 90' lang='lat' dir='ltr'><strong>medio</strong></span> <span class='ocrx_word' id='word_1_570' title='bbox 1979 846 2012 882; x_wconf 86' lang='lat' dir='ltr'><strong>eo</strong></span> 
     </span>
     <span class='ocr_line' id='line_1_83' title="bbox 1204 899 2012 966; baseline 0.001 -15"><span class='ocrx_word' id='word_1_571' title='bbox 1204 900 1296 966; x_wconf 89' lang='lat' dir='ltr'><strong>spatio</strong></span> <span class='ocrx_word' id='word_1_572' title='bbox 1306 900 1448 952; x_wconf 87' lang='lat' dir='ltr'><strong>Atlantem</strong></span> <span class='ocrx_word' id='word_1_573' title='bbox 1459 899 1581 962; x_wconf 86' lang='lat' dir='ltr'><strong>locarit,</strong></span> <span class='ocrx_word' id='word_1_574' title='bbox 1601 914 1619 951; x_wconf 89' lang='lat' dir='ltr'><strong>a</strong></span> <span class='ocrx_word' id='word_1_575' title='bbox 1630 900 1731 953; x_wconf 88' lang='lat' dir='ltr'><strong>ceteris</strong></span> <span class='ocrx_word' id='word_1_576' title='bbox 1743 899 1870 950; x_wconf 89' lang='lat' dir='ltr'><strong>omnibus</strong></span> <span class='ocrx_word' id='word_1_577' title='bbox 1881 901 1910 951; x_wconf 91' lang='lat' dir='ltr'><strong>in</strong></span> <span class='ocrx_word' id='word_1_578' title='bbox 1922 906 2012 952; x_wconf 83' lang='lat' dir='ltr'><strong>extre·</strong></span> 
     </span>
     <span class='ocr_line' id='line_1_84' title="bbox 1203 967 1617 1037; baseline -0.007 -15"><span class='ocrx_word' id='word_1_579' title='bbox 1203 971 1256 1022; x_wconf 77' lang='lat' dir='ltr'><strong>mh</strong></span> <span class='ocrx_word' id='word_1_580' title='bbox 1266 969 1455 1022; x_wconf 84' lang='lat' dir='ltr'><strong>Mauritaniae</strong></span> <span class='ocrx_word' id='word_1_581' title='bbox 1466 967 1617 1037; x_wconf 89' lang='lat' dir='ltr'><strong>proditum.</strong></span> 
     </span>
    </p>

    <p class='ocr_par' dir='ltr' id='par_1_9' title="bbox 1203 1034 2015 2012">
     <span class='ocr_line' id='line_1_85' title="bbox 1238 1034 2011 1106; baseline 0 -16"><span class='ocrx_word' id='word_1_582' title='bbox 1238 1039 1365 1092; x_wconf 75' lang='lat' dir='ltr'><strong>Ronlana</strong></span> <span class='ocrx_word' id='word_1_583' title='bbox 1375 1054 1453 1091; x_wconf 91' lang='lat' dir='ltr'><strong>arma</strong></span> <span class='ocrx_word' id='word_1_584' title='bbox 1483 1038 1581 1089; x_wconf 85' lang='lat' dir='ltr'><strong>rirrrum</strong></span> <span class='ocrx_word' id='word_1_585' title='bbox 1593 1034 1713 1090; x_wconf 87' lang='lat' dir='ltr'><strong>Claudio</strong></span> <span class='ocrx_word' id='word_1_586' title='bbox 1725 1036 1848 1106; x_wconf 89' lang='lat' dir='ltr'><strong>principe</strong></span> <span class='ocrx_word' id='word_1_587' title='bbox 1866 1038 1895 1090; x_wconf 93' lang='lat' dir='ltr'><strong>in</strong></span> <span class='ocrx_word' id='word_1_588' title='bbox 1906 1037 2011 1091; x_wconf 88' lang='lat' dir='ltr'><strong>Mauri·</strong></span> 
     </span>
     <span class='ocr_line' id='line_1_86' title="bbox 1203 1055 2011 1225; baseline 0.004 -66"><span class='ocrx_word' id='word_1_589' title='bbox 1203 1109 1283 1160; x_wconf 90' lang='lat' dir='ltr'><strong>tania</strong></span> <span class='ocrx_word' id='word_1_590' title='bbox 1292 1110 1441 1171; x_wconf 82' lang='lat' dir='ltr'><strong>bellavere,</strong></span> <span class='ocrx_word' id='word_1_591' title='bbox 1462 1055 1653 1161; x_wconf 70' lang='lat' dir='ltr'><strong>hoiensem</strong></span> <span class='ocrx_word' id='word_1_592' title='bbox 1665 1121 1758 1225; x_wconf 74' lang='lat' dir='ltr'><strong>regem</strong></span> <span class='ocrx_word' id='word_1_593' title='bbox 1770 1122 1787 1158; x_wconf 90' lang='lat' dir='ltr'><strong>a</strong></span> <span class='ocrx_word' id='word_1_594' title='bbox 1799 1111 1828 1160; x_wconf 82' lang='lat' dir='ltr'><strong>C.</strong></span> <span class='ocrx_word' id='word_1_595' title='bbox 1840 1109 1959 1162; x_wconf 86' lang='lat' dir='ltr'><strong>Caesare</strong></span> <span class='ocrx_word' id='word_1_596' title='bbox 1970 1108 2011 1162; x_wconf 88' lang='lat' dir='ltr'><strong>in·</strong></span> 
     </span>
     <span class='ocr_line' id='line_1_87' title="bbox 1204 1178 2010 1245; baseline 0.002 -16"><span class='ocrx_word' id='word_1_597' title='bbox 1204 1184 1353 1230; x_wconf 89' lang='lat' dir='ltr'><strong>teremtum</strong></span> <span class='ocrx_word' id='word_1_598' title='bbox 1369 1179 1519 1230; x_wconf 87' lang='lat' dir='ltr'><strong>ulciscente</strong></span> <span class='ocrx_word' id='word_1_599' title='bbox 1535 1178 1636 1230; x_wconf 87' lang='lat' dir='ltr'><strong>liberto</strong></span> <span class='ocrx_word' id='word_1_600' title='bbox 1653 1178 1690 1228; x_wconf 92' lang='lat' dir='ltr'><strong>Ae</strong></span> <span class='ocrx_word' id='word_1_601' title='bbox 1712 1191 1823 1240; x_wconf 86' lang='lat' dir='ltr'><strong>errruue,</strong></span> <span class='ocrx_word' id='word_1_602' title='bbox 1845 1178 2010 1245; x_wconf 78' lang='lat' dir='ltr'><strong>refugienti·</strong></span> 
     </span>
     <span class='ocr_line' id='line_1_88' title="bbox 1203 1246 2010 1315; baseline 0.002 -16"><span class='ocrx_word' id='word_1_603' title='bbox 1203 1247 1310 1315; x_wconf 88' lang='lat' dir='ltr'><strong>busque</strong></span> <span class='ocrx_word' id='word_1_604' title='bbox 1322 1248 1451 1301; x_wconf 89' lang='lat' dir='ltr'><strong>barbaris</strong></span> <span class='ocrx_word' id='word_1_605' title='bbox 1467 1255 1579 1300; x_wconf 88' lang='lat' dir='ltr'><strong>rentum</strong></span> <span class='ocrx_word' id='word_1_606' title='bbox 1595 1251 1709 1300; x_wconf 89' lang='lat' dir='ltr'><strong>constat</strong></span> <span class='ocrx_word' id='word_1_607' title='bbox 1725 1246 1761 1297; x_wconf 88' lang='lat' dir='ltr'><strong>ud</strong></span> <span class='ocrx_word' id='word_1_608' title='bbox 1781 1254 1905 1299; x_wconf 88' lang='lat' dir='ltr'><strong>montem</strong></span> <span class='ocrx_word' id='word_1_609' title='bbox 1915 1250 2010 1302; x_wconf 90' lang='lat' dir='ltr'><strong>Atlan-</strong></span> 
     </span>
     <span class='ocr_line' id='line_1_89' title="bbox 1204 1312 2015 1385; baseline 0.001 -15"><span class='ocrx_word' id='word_1_610' title='bbox 1204 1325 1271 1372; x_wconf 87' lang='lat' dir='ltr'><strong>tem.</strong></span> <span class='ocrx_word' id='word_1_611' title='bbox 1308 1320 1368 1372; x_wconf 82' lang='lat' dir='ltr'><strong>Nec</strong></span> <span class='ocrx_word' id='word_1_612' title='bbox 1377 1318 1469 1369; x_wconf 89' lang='lat' dir='ltr'><strong>solum</strong></span> <span class='ocrx_word' id='word_1_613' title='bbox 1481 1317 1629 1370; x_wconf 82' lang='lat' dir='ltr'><strong>consulatu</strong></span> <span class='ocrx_word' id='word_1_614' title='bbox 1641 1312 1795 1383; x_wconf 66' lang='lat' dir='ltr'><strong>perterrens</strong></span> <span class='ocrx_word' id='word_1_615' title='bbox 1807 1325 1891 1385; x_wconf 87' lang='lat' dir='ltr'><strong>utque</strong></span> <span class='ocrx_word' id='word_1_616' title='bbox 1902 1334 1918 1370; x_wconf 89' lang='lat' dir='ltr'><strong>e</strong></span> <span class='ocrx_word' id='word_1_617' title='bbox 1929 1319 2015 1371; x_wconf 84' lang='lat' dir='ltr'><strong>Sena-</strong></span> 
     </span>
     <span class='ocr_line' id='line_1_90' title="bbox 1204 1386 2011 1457; baseline 0.001 -17"><span class='ocrx_word' id='word_1_618' title='bbox 1204 1395 1234 1440; x_wconf 91' lang='lat' dir='ltr'><strong>tu</strong></span> <span class='ocrx_word' id='word_1_619' title='bbox 1247 1387 1370 1451; x_wconf 91' lang='lat' dir='ltr'><strong>ducibus,</strong></span> <span class='ocrx_word' id='word_1_620' title='bbox 1389 1389 1436 1455; x_wconf 90' lang='lat' dir='ltr'><strong>qui</strong></span> <span class='ocrx_word' id='word_1_621' title='bbox 1450 1394 1507 1437; x_wconf 90' lang='lat' dir='ltr'><strong>turn</strong></span> <span class='ocrx_word' id='word_1_622' title='bbox 1519 1403 1563 1439; x_wconf 88' lang='lat' dir='ltr'><strong>res</strong></span> <span class='ocrx_word' id='word_1_623' title='bbox 1574 1401 1700 1455; x_wconf 85' lang='lat' dir='ltr'><strong>gessere,</strong></span> <span class='ocrx_word' id='word_1_624' title='bbox 1720 1386 1769 1437; x_wconf 90' lang='lat' dir='ltr'><strong>sed</strong></span> <span class='ocrx_word' id='word_1_625' title='bbox 1782 1387 1931 1454; x_wconf 80' lang='lat' dir='ltr'><strong>Equitibus</strong></span> <span class='ocrx_word' id='word_1_626' title='bbox 1942 1404 2011 1457; x_wconf 91' lang='lat' dir='ltr'><strong>quo·</strong></span> 
     </span>
     <span class='ocr_line' id='line_1_91' title="bbox 1204 1454 2010 1527; baseline 0.005 -19"><span class='ocrx_word' id='word_1_627' title='bbox 1204 1473 1257 1525; x_wconf 91' lang='lat' dir='ltr'><strong>que</strong></span> <span class='ocrx_word' id='word_1_628' title='bbox 1268 1459 1357 1521; x_wconf 73' lang='lat' dir='ltr'><strong>item,</strong></span> <span class='ocrx_word' id='word_1_629' title='bbox 1378 1458 1425 1524; x_wconf 91' lang='lat' dir='ltr'><strong>qui</strong></span> <span class='ocrx_word' id='word_1_630' title='bbox 1437 1472 1471 1509; x_wconf 86' lang='lat' dir='ltr'><strong>ex</strong></span> <span class='ocrx_word' id='word_1_631' title='bbox 1482 1476 1516 1510; x_wconf 88' lang='lat' dir='ltr'><strong>eo</strong></span> <span class='ocrx_word' id='word_1_632' title='bbox 1534 1456 1680 1525; x_wconf 79' lang='lat' dir='ltr'><strong>praefuere</strong></span> <span class='ocrx_word' id='word_1_633' title='bbox 1695 1454 1744 1517; x_wconf 90' lang='lat' dir='ltr'><strong>ibi,</strong></span> <span class='ocrx_word' id='word_1_634' title='bbox 1766 1457 1906 1509; x_wconf 83' lang='lat' dir='ltr'><strong>Atlantem</strong></span> <span class='ocrx_word' id='word_1_635' title='bbox 1927 1473 2010 1527; x_wconf 86' lang='lat' dir='ltr'><strong>pene-</strong></span> 
     </span>
     <span class='ocr_line' id='line_1_92' title="bbox 1204 1527 2013 1595; baseline 0.002 -17"><span class='ocrx_word' id='word_1_636' title='bbox 1204 1536 1303 1591; x_wconf 84' lang='lat' dir='ltr'><strong>trasse,</strong></span> <span class='ocrx_word' id='word_1_637' title='bbox 1325 1528 1352 1578; x_wconf 93' lang='lat' dir='ltr'><strong>in</strong></span> <span class='ocrx_word' id='word_1_638' title='bbox 1374 1527 1465 1593; x_wconf 85' lang='lat' dir='ltr'><strong>gloria</strong></span> <span class='ocrx_word' id='word_1_639' title='bbox 1485 1527 1547 1578; x_wconf 83' lang='lat' dir='ltr'><strong>fuit.</strong></span> <span class='ocrx_word' id='word_1_640' title='bbox 1584 1527 1714 1593; x_wconf 76' lang='lat' dir='ltr'><strong>Quinque</strong></span> <span class='ocrx_word' id='word_1_641' title='bbox 1734 1534 1800 1577; x_wconf 90' lang='lat' dir='ltr'><strong>sunt</strong></span> <span class='ocrx_word' id='word_1_642' title='bbox 1818 1532 1862 1595; x_wconf 89' lang='lat' dir='ltr'><strong>(ut</strong></span> <span class='ocrx_word' id='word_1_643' title='bbox 1878 1527 2013 1591; x_wconf 69' lang='lat' dir='ltr'><strong>diximus]</strong></span> 
     </span>
     <span class='ocr_line' id='line_1_93' title="bbox 1205 1596 2010 1663; baseline 0.002 -15"><span class='ocrx_word' id='word_1_644' title='bbox 1205 1598 1284 1648; x_wconf 86' lang='lat' dir='ltr'><strong>Rom.</strong></span> <span class='ocrx_word' id='word_1_645' title='bbox 1296 1596 1422 1649; x_wconf 88' lang='lat' dir='ltr'><strong>coloniae</strong></span> <span class='ocrx_word' id='word_1_646' title='bbox 1433 1599 1459 1647; x_wconf 94' lang='lat' dir='ltr'><strong>in</strong></span> <span class='ocrx_word' id='word_1_647' title='bbox 1472 1613 1505 1648; x_wconf 88' lang='lat' dir='ltr'><strong>ea</strong></span> <span class='ocrx_word' id='word_1_648' title='bbox 1517 1597 1674 1663; x_wconf 76' lang='lat' dir='ltr'><strong>provincia,</strong></span> <span class='ocrx_word' id='word_1_649' title='bbox 1696 1596 1877 1663; x_wconf 88' lang='lat' dir='ltr'><strong>perriumquo</strong></span> <span class='ocrx_word' id='word_1_650' title='bbox 1887 1598 1962 1651; x_wconf 79' lang='lat' dir='ltr'><strong>fama</strong></span> <span class='ocrx_word' id='word_1_651' title='bbox 1973 1599 2010 1650; x_wconf 86' lang='lat' dir='ltr'><strong>ri·</strong></span> 
     </span>
     <span class='ocr_line' id='line_1_94' title="bbox 1205 1664 2011 1736; baseline 0 -17"><span class='ocrx_word' id='word_1_652' title='bbox 1205 1666 1264 1719; x_wconf 88' lang='lat' dir='ltr'><strong>deri</strong></span> <span class='ocrx_word' id='word_1_653' title='bbox 1278 1673 1380 1733; x_wconf 86' lang='lat' dir='ltr'><strong>petest.</strong></span> <span class='ocrx_word' id='word_1_654' title='bbox 1418 1666 1472 1718; x_wconf 78' lang='lat' dir='ltr'><strong>Sed</strong></span> <span class='ocrx_word' id='word_1_655' title='bbox 1485 1666 1512 1716; x_wconf 90' lang='lat' dir='ltr'><strong>id</strong></span> <span class='ocrx_word' id='word_1_656' title='bbox 1526 1667 1686 1732; x_wconf 88' lang='lat' dir='ltr'><strong>plerumque</strong></span> <span class='ocrx_word' id='word_1_657' title='bbox 1702 1664 1910 1717; x_wconf 85' lang='lat' dir='ltr'><strong>fallacissimum</strong></span> <span class='ocrx_word' id='word_1_658' title='bbox 1932 1682 2011 1736; x_wconf 83' lang='lat' dir='ltr'><strong>expe·</strong></span> 
     </span>
     <span class='ocr_line' id='line_1_95' title="bbox 1203 1733 2012 1805; baseline 0.002 -17"><span class='ocrx_word' id='word_1_659' title='bbox 1203 1739 1323 1788; x_wconf 90' lang='lat' dir='ltr'><strong>rimento</strong></span> <span class='ocrx_word' id='word_1_660' title='bbox 1335 1734 1563 1802; x_wconf 87' lang='lat' dir='ltr'><strong>deprehenditur:</strong></span> <span class='ocrx_word' id='word_1_661' title='bbox 1576 1736 1642 1804; x_wconf 86' lang='lat' dir='ltr'><strong>quia</strong></span> <span class='ocrx_word' id='word_1_662' title='bbox 1653 1733 1811 1801; x_wconf 85' lang='lat' dir='ltr'><strong>dignitates,</strong></span> <span class='ocrx_word' id='word_1_663' title='bbox 1821 1750 1884 1787; x_wconf 92' lang='lat' dir='ltr'><strong>cum</strong></span> <span class='ocrx_word' id='word_1_664' title='bbox 1895 1737 2012 1805; x_wconf 85' lang='lat' dir='ltr'><strong>indaga·</strong></span> 
     </span>
     <span class='ocr_line' id='line_1_96' title="bbox 1204 1805 2012 1875; baseline 0.002 -18"><span class='ocrx_word' id='word_1_665' title='bbox 1204 1820 1235 1858; x_wconf 87' lang='lat' dir='ltr'><strong>re</strong></span> <span class='ocrx_word' id='word_1_666' title='bbox 1248 1821 1313 1858; x_wconf 89' lang='lat' dir='ltr'><strong>rera</strong></span> <span class='ocrx_word' id='word_1_667' title='bbox 1323 1807 1432 1872; x_wconf 83' lang='lat' dir='ltr'><strong>pigeat,</strong></span> <span class='ocrx_word' id='word_1_668' title='bbox 1452 1805 1626 1873; x_wconf 84' lang='lat' dir='ltr'><strong>ignorantiae</strong></span> <span class='ocrx_word' id='word_1_669' title='bbox 1642 1805 1749 1872; x_wconf 91' lang='lat' dir='ltr'><strong>pudore</strong></span> <span class='ocrx_word' id='word_1_670' title='bbox 1764 1806 1876 1857; x_wconf 85' lang='lat' dir='ltr'><strong>mentiri</strong></span> <span class='ocrx_word' id='word_1_671' title='bbox 1895 1821 1951 1857; x_wconf 90' lang='lat' dir='ltr'><strong>non</strong></span> <span class='ocrx_word' id='word_1_672' title='bbox 1972 1807 2012 1875; x_wconf 87' lang='lat' dir='ltr'><strong>pi·</strong></span> 
     </span>
     <span class='ocr_line' id='line_1_97' title="bbox 1204 1873 2012 1944; baseline 0.004 -17"><span class='ocrx_word' id='word_1_673' title='bbox 1204 1883 1266 1944; x_wconf 89' lang='lat' dir='ltr'><strong>get:</strong></span> <span class='ocrx_word' id='word_1_674' title='bbox 1288 1873 1361 1926; x_wconf 89' lang='lat' dir='ltr'><strong>haud</strong></span> <span class='ocrx_word' id='word_1_675' title='bbox 1372 1876 1429 1927; x_wconf 89' lang='lat' dir='ltr'><strong>alio</strong></span> <span class='ocrx_word' id='word_1_676' title='bbox 1441 1875 1507 1927; x_wconf 87' lang='lat' dir='ltr'><strong>iidei</strong></span> <span class='ocrx_word' id='word_1_677' title='bbox 1518 1876 1648 1940; x_wconf 87' lang='lat' dir='ltr'><strong>proniore</strong></span> <span class='ocrx_word' id='word_1_678' title='bbox 1659 1874 1749 1939; x_wconf 89' lang='lat' dir='ltr'><strong>lapsu,</strong></span> <span class='ocrx_word' id='word_1_679' title='bbox 1768 1889 1850 1942; x_wconf 89' lang='lat' dir='ltr'><strong>quam</strong></span> <span class='ocrx_word' id='word_1_680' title='bbox 1863 1877 1909 1928; x_wconf 90' lang='lat' dir='ltr'><strong>ubi</strong></span> <span class='ocrx_word' id='word_1_681' title='bbox 1920 1874 2012 1930; x_wconf 82' lang='lat' dir='ltr'><strong>falsae</strong></span> 
     </span>
     <span class='ocr_line' id='line_1_98' title="bbox 1204 1943 2014 2012; baseline 0.002 -17"><span class='ocrx_word' id='word_1_682' title='bbox 1204 1945 1247 1997; x_wconf 87' lang='lat' dir='ltr'><strong>rei</strong></span> <span class='ocrx_word' id='word_1_683' title='bbox 1257 1946 1351 2012; x_wconf 84' lang='lat' dir='ltr'><strong>gravis</strong></span> <span class='ocrx_word' id='word_1_684' title='bbox 1362 1953 1462 1996; x_wconf 87' lang='lat' dir='ltr'><strong>auctor</strong></span> <span class='ocrx_word' id='word_1_685' title='bbox 1473 1946 1592 1997; x_wconf 84' lang='lat' dir='ltr'><strong>exsistit.</strong></span> <span class='ocrx_word' id='word_1_686' title='bbox 1629 1946 1667 1995; x_wconf 84' lang='lat' dir='ltr'><strong>Et</strong></span> <span class='ocrx_word' id='word_1_687' title='bbox 1678 1943 1789 2012; x_wconf 88' lang='lat' dir='ltr'><strong>quidem</strong></span> <span class='ocrx_word' id='word_1_688' title='bbox 1800 1945 1892 1995; x_wconf 88' lang='lat' dir='ltr'><strong>minus</strong></span> <span class='ocrx_word' id='word_1_689' title='bbox 1913 1947 2014 2010; x_wconf 87' lang='lat' dir='ltr'><strong>nrinor,</strong></span> 
     </span>
    </p>
   </div>
   <div class='ocr_carea' id='block_1_5' title="bbox 1204 2014 2093 2081">
    <p class='ocr_par' dir='ltr' id='par_1_10' title="bbox 1204 2014 2093 2081">
     <span class='ocr_line' id='line_1_99' title="bbox 1204 2014 2093 2081; baseline 0.002 -17"><span class='ocrx_word' id='word_1_690' title='bbox 1204 2014 1379 2080; x_wconf 88' lang='lat' dir='ltr'><strong>incomperta</strong></span> <span class='ocrx_word' id='word_1_691' title='bbox 1405 2014 1541 2081; x_wconf 88' lang='lat' dir='ltr'><strong>quaedam</strong></span> <span class='ocrx_word' id='word_1_692' title='bbox 1569 2030 1630 2067; x_wconf 90' lang='lat' dir='ltr'><strong>esse</strong></span> <span class='ocrx_word' id='word_1_693' title='bbox 1650 2016 1788 2081; x_wconf 90' lang='lat' dir='ltr'><strong>equestris</strong></span> <span class='ocrx_word' id='word_1_694' title='bbox 1809 2015 1917 2066; x_wconf 85' lang='lat' dir='ltr'><strong>ordinis</strong></span> <span class='ocrx_word' id='word_1_695' title='bbox 1936 2016 2014 2078; x_wconf 86' lang='lat' dir='ltr'><strong>viris,</strong></span> <span class='ocrx_word' id='word_1_696' title='bbox 2089 2040 2093 2045; x_wconf 89' lang='lat'><em>·</em></span> 
     </span>
    </p>
   </div>
   <div class='ocr_carea' id='block_1_6' title="bbox 1199 2082 2016 5686">
    <p class='ocr_par' dir='ltr' id='par_1_11' title="bbox 1204 2082 2016 2358">
     <span class='ocr_line' id='line_1_100' title="bbox 1205 2082 2015 2151; baseline 0.002 -16"><span class='ocrx_word' id='word_1_697' title='bbox 1205 2086 1259 2135; x_wconf 91' lang='lat' dir='ltr'><strong>iam</strong></span> <span class='ocrx_word' id='word_1_698' title='bbox 1270 2098 1336 2136; x_wconf 52' lang='lat' dir='ltr'><strong>:vero</strong></span> <span class='ocrx_word' id='word_1_699' title='bbox 1349 2091 1378 2135; x_wconf 89' lang='lat' dir='ltr'><strong>et</strong></span> <span class='ocrx_word' id='word_1_700' title='bbox 1389 2084 1522 2135; x_wconf 83' lang='lat' dir='ltr'><strong>Senatum</strong></span> <span class='ocrx_word' id='word_1_701' title='bbox 1542 2083 1606 2135; x_wconf 87' lang='lat' dir='ltr'><strong>inde</strong></span> <span class='ocrx_word' id='word_1_702' title='bbox 1627 2082 1812 2147; x_wconf 84' lang='lat' dir='ltr'><strong>intrantibus,</strong></span> <span class='ocrx_word' id='word_1_703' title='bbox 1834 2099 1915 2151; x_wconf 86' lang='lat' dir='ltr'><strong>quam</strong></span> <span class='ocrx_word' id='word_1_704' title='bbox 1935 2085 2015 2137; x_wconf 79' lang='lat' dir='ltr'><strong>luxu·</strong></span> 
     </span>
     <span class='ocr_line' id='line_1_101' title="bbox 1205 2152 2014 2219; baseline 0 -15"><span class='ocrx_word' id='word_1_705' title='bbox 1205 2153 1262 2205; x_wconf 90' lang='lat' dir='ltr'><strong>riae</strong></span> <span class='ocrx_word' id='word_1_706' title='bbox 1273 2170 1280 2218; x_wconf 86' lang='lat'>;</span> <span class='ocrx_word' id='word_1_707' title='bbox 1301 2154 1382 2204; x_wconf 85' lang='lat' dir='ltr'><strong>cuius</strong></span> <span class='ocrx_word' id='word_1_708' title='bbox 1393 2152 1584 2205; x_wconf 86' lang='lat' dir='ltr'><strong>ellicaeissima</strong></span> <span class='ocrx_word' id='word_1_709' title='bbox 1594 2154 1636 2204; x_wconf 90' lang='lat' dir='ltr'><strong>ris</strong></span> <span class='ocrx_word' id='word_1_710' title='bbox 1646 2153 1768 2204; x_wconf 86' lang='lat' dir='ltr'><strong>sentitur</strong></span> <span class='ocrx_word' id='word_1_711' title='bbox 1779 2158 1863 2219; x_wconf 88' lang='lat' dir='ltr'><strong>atque</strong></span> <span class='ocrx_word' id='word_1_712' title='bbox 1884 2155 2014 2217; x_wconf 81' lang='lat' dir='ltr'><strong>araxime,</strong></span> 
     </span>
     <span class='ocr_line' id='line_1_102' title="bbox 1206 2222 2016 2291; baseline 0 -17"><span class='ocrx_word' id='word_1_713' title='bbox 1206 2238 1268 2275; x_wconf 84' lang='lat' dir='ltr'><strong>cuni</strong></span> <span class='ocrx_word' id='word_1_714' title='bbox 1281 2222 1361 2275; x_wconf 90' lang='lat' dir='ltr'><strong>eburi</strong></span> <span class='ocrx_word' id='word_1_715' title='bbox 1372 2222 1497 2287; x_wconf 89' lang='lat' dir='ltr'><strong>citroque</strong></span> <span class='ocrx_word' id='word_1_716' title='bbox 1509 2223 1596 2273; x_wconf 78' lang='lat' dir='ltr'><strong>sileae</strong></span> <span class='ocrx_word' id='word_1_717' title='bbox 1608 2224 1797 2287; x_wconf 81' lang='lat' dir='ltr'><strong>exquirantur,</strong></span> <span class='ocrx_word' id='word_1_718' title='bbox 1808 2238 1905 2277; x_wconf 90' lang='lat' dir='ltr'><strong>omnes</strong></span> <span class='ocrx_word' id='word_1_719' title='bbox 1916 2239 2016 2291; x_wconf 90' lang='lat' dir='ltr'><strong>scopu·</strong></span> 
     </span>
     <span class='ocr_line' id='line_1_103' title="bbox 1204 2291 1709 2358; baseline 0.002 -17"><span class='ocrx_word' id='word_1_720' title='bbox 1204 2291 1226 2341; x_wconf 87' lang='lat' dir='ltr'><strong>li</strong></span> <span class='ocrx_word' id='word_1_721' title='bbox 1238 2291 1352 2343; x_wconf 84' lang='lat' dir='ltr'><strong>Gaetuli</strong></span> <span class='ocrx_word' id='word_1_722' title='bbox 1363 2291 1515 2342; x_wconf 89' lang='lat' dir='ltr'><strong>muricibus</strong></span> <span class='ocrx_word' id='word_1_723' title='bbox 1527 2307 1558 2341; x_wconf 93' lang='lat' dir='ltr'><strong>ac</strong></span> <span class='ocrx_word' id='word_1_724' title='bbox 1570 2293 1709 2358; x_wconf 90' lang='lat' dir='ltr'><strong>purpuris.</strong></span> 
     </span>
    </p>

    <p class='ocr_par' dir='ltr' id='par_1_12' title="bbox 1203 2358 2013 2913">
     <span class='ocr_line' id='line_1_104' title="bbox 1238 2358 2012 2425; baseline 0.005 -17"><span class='ocrx_word' id='word_1_725' title='bbox 1238 2358 1388 2425; x_wconf 86' lang='lat' dir='ltr'><strong>indigenae</strong></span> <span class='ocrx_word' id='word_1_726' title='bbox 1400 2367 1491 2409; x_wconf 88' lang='lat' dir='ltr'><strong>tamen</strong></span> <span class='ocrx_word' id='word_1_727' title='bbox 1504 2360 1618 2411; x_wconf 89' lang='lat' dir='ltr'><strong>tradunt</strong></span> <span class='ocrx_word' id='word_1_728' title='bbox 1638 2362 1667 2411; x_wconf 92' lang='lat' dir='ltr'><strong>in</strong></span> <span class='ocrx_word' id='word_1_729' title='bbox 1689 2375 1740 2412; x_wconf 89' lang='lat' dir='ltr'><strong>ora</strong></span> <span class='ocrx_word' id='word_1_730' title='bbox 1761 2360 1796 2412; x_wconf 89' lang='lat' dir='ltr'><strong>ab</strong></span> <span class='ocrx_word' id='word_1_731' title='bbox 1816 2358 1883 2412; x_wconf 84' lang='lat' dir='ltr'><strong>Sala</strong></span> <span class='ocrx_word' id='word_1_732' title='bbox 1902 2369 2012 2419; x_wconf 85' lang='lat' dir='ltr'><strong>centum</strong></span> 
     </span>
     <span class='ocr_line' id='line_1_105' title="bbox 1204 2427 2012 2496; baseline 0.009 -19"><span class='ocrx_word' id='word_1_733' title='bbox 1204 2428 1409 2496; x_wconf 89' lang='lat' dir='ltr'><strong>quinquaginta</strong></span> <span class='ocrx_word' id='word_1_734' title='bbox 1419 2427 1488 2478; x_wconf 91' lang='lat' dir='ltr'><strong>mill.</strong></span> <span class='ocrx_word' id='word_1_735' title='bbox 1501 2443 1644 2494; x_wconf 87' lang='lat' dir='ltr'><strong>passuum:</strong></span> <span class='ocrx_word' id='word_1_736' title='bbox 1662 2427 1763 2481; x_wconf 80' lang='lat' dir='ltr'><strong>humen</strong></span> <span class='ocrx_word' id='word_1_737' title='bbox 1773 2433 1891 2482; x_wconf 89' lang='lat' dir='ltr'><strong>Asanam</strong></span> <span class='ocrx_word' id='word_1_738' title='bbox 1904 2434 2012 2484; x_wconf 88' lang='lat' dir='ltr'><strong>marino</strong></span> 
     </span>
     <span class='ocr_line' id='line_1_106' title="bbox 1204 2497 2013 2566; baseline 0.007 -18"><span class='ocrx_word' id='word_1_739' title='bbox 1204 2497 1315 2559; x_wconf 85' lang='lat' dir='ltr'><strong>haustu,</strong></span> <span class='ocrx_word' id='word_1_740' title='bbox 1336 2498 1386 2548; x_wconf 93' lang='lat' dir='ltr'><strong>sed</strong></span> <span class='ocrx_word' id='word_1_741' title='bbox 1397 2504 1479 2561; x_wconf 91' lang='lat' dir='ltr'><strong>portu</strong></span> <span class='ocrx_word' id='word_1_742' title='bbox 1490 2500 1656 2563; x_wconf 86' lang='lat' dir='ltr'><strong>spectabile:</strong></span> <span class='ocrx_word' id='word_1_743' title='bbox 1680 2514 1743 2550; x_wconf 85' lang='lat' dir='ltr'><strong>nrox</strong></span> <span class='ocrx_word' id='word_1_744' title='bbox 1754 2515 1862 2551; x_wconf 87' lang='lat' dir='ltr'><strong>amnem</strong></span> <span class='ocrx_word' id='word_1_745' title='bbox 1874 2515 1953 2566; x_wconf 85' lang='lat' dir='ltr'><strong>quern</strong></span> <span class='ocrx_word' id='word_1_746' title='bbox 1965 2516 2013 2554; x_wconf 80' lang='lat' dir='ltr'><strong>ro-</strong></span> 
     </span>
     <span class='ocr_line' id='line_1_107' title="bbox 1205 2566 2013 2635; baseline 0.004 -16"><span class='ocrx_word' id='word_1_747' title='bbox 1205 2573 1268 2619; x_wconf 89' lang='lat' dir='ltr'><strong>cunt</strong></span> <span class='ocrx_word' id='word_1_748' title='bbox 1281 2567 1348 2617; x_wconf 87' lang='lat' dir='ltr'><strong>Fut:</strong></span> <span class='ocrx_word' id='word_1_749' title='bbox 1370 2566 1405 2616; x_wconf 89' lang='lat' dir='ltr'><strong>ab</strong></span> <span class='ocrx_word' id='word_1_750' title='bbox 1418 2581 1451 2617; x_wconf 92' lang='lat' dir='ltr'><strong>eo</strong></span> <span class='ocrx_word' id='word_1_751' title='bbox 1465 2566 1500 2618; x_wconf 91' lang='lat' dir='ltr'><strong>ad</strong></span> <span class='ocrx_word' id='word_1_752' title='bbox 1512 2568 1600 2635; x_wconf 83' lang='lat' dir='ltr'><strong>Dyrin</strong></span> <span class='ocrx_word' id='word_1_753' title='bbox 1623 2567 1687 2631; x_wconf 78' lang='lat' dir='ltr'><strong>(hoc</strong></span> <span class='ocrx_word' id='word_1_754' title='bbox 1701 2570 1773 2620; x_wconf 88' lang='lat' dir='ltr'><strong>euim</strong></span> <span class='ocrx_word' id='word_1_755' title='bbox 1785 2570 1891 2621; x_wconf 89' lang='lat' dir='ltr'><strong>Atlanti</strong></span> <span class='ocrx_word' id='word_1_756' title='bbox 1911 2584 2013 2623; x_wconf 89' lang='lat' dir='ltr'><strong>nomen</strong></span> 
     </span>
     <span class='ocr_line' id='line_1_108' title="bbox 1205 2636 2012 2709; baseline 0.005 -21"><span class='ocrx_word' id='word_1_757' title='bbox 1205 2652 1265 2688; x_wconf 90' lang='lat' dir='ltr'><strong>esse</strong></span> <span class='ocrx_word' id='word_1_758' title='bbox 1277 2650 1375 2687; x_wconf 89' lang='lat' dir='ltr'><strong>eorum</strong></span> <span class='ocrx_word' id='word_1_759' title='bbox 1387 2636 1497 2703; x_wconf 89' lang='lat' dir='ltr'><strong>lingua,</strong></span> <span class='ocrx_word' id='word_1_760' title='bbox 1508 2642 1658 2709; x_wconf 73' lang='grc' dir='ltr'><strong>ιουιιιέιιιι)</strong></span> <span class='ocrx_word' id='word_1_761' title='bbox 1670 2639 1789 2691; x_wconf 85' lang='lat' dir='ltr'><strong>ducenta</strong></span> <span class='ocrx_word' id='word_1_762' title='bbox 1802 2639 1869 2690; x_wconf 92' lang='lat' dir='ltr'><strong>mill.</strong></span> <span class='ocrx_word' id='word_1_763' title='bbox 1881 2654 2012 2706; x_wconf 88' lang='lat' dir='ltr'><strong>passuum</strong></span> 
     </span>
     <span class='ocr_line' id='line_1_109' title="bbox 1204 2705 2011 2774; baseline 0.005 -18"><span class='ocrx_word' id='word_1_764' title='bbox 1204 2705 1411 2758; x_wconf 79' lang='lat' dir='ltr'><strong>interveniente</strong></span> <span class='ocrx_word' id='word_1_765' title='bbox 1420 2706 1541 2768; x_wconf 84' lang='lat' dir='ltr'><strong>ilunrine,</strong></span> <span class='ocrx_word' id='word_1_766' title='bbox 1554 2709 1600 2759; x_wconf 92' lang='lat' dir='ltr'><strong>cui</strong></span> <span class='ocrx_word' id='word_1_767' title='bbox 1611 2724 1708 2758; x_wconf 82' lang='lat' dir='ltr'><strong>nonren</strong></span> <span class='ocrx_word' id='word_1_768' title='bbox 1721 2716 1762 2759; x_wconf 89' lang='lat' dir='ltr'><strong>est</strong></span> <span class='ocrx_word' id='word_1_769' title='bbox 1775 2709 1850 2760; x_wconf 89' lang='lat' dir='ltr'><strong>l&#39;iur.</strong></span> <span class='ocrx_word' id='word_1_770' title='bbox 1875 2709 1916 2760; x_wconf 92' lang='lat' dir='ltr'><strong>lbi</strong></span> <span class='ocrx_word' id='word_1_771' title='bbox 1927 2708 2011 2774; x_wconf 83' lang='lat' dir='ltr'><strong>lama,</strong></span> 
     </span>
     <span class='ocr_line' id='line_1_110' title="bbox 1204 2775 2009 2844; baseline 0.005 -17"><span class='ocrx_word' id='word_1_772' title='bbox 1204 2782 1318 2827; x_wconf 88' lang='lat' dir='ltr'><strong>exstare</strong></span> <span class='ocrx_word' id='word_1_773' title='bbox 1330 2777 1404 2828; x_wconf 88' lang='lat' dir='ltr'><strong>circa</strong></span> <span class='ocrx_word' id='word_1_774' title='bbox 1413 2777 1533 2842; x_wconf 83' lang='lat' dir='ltr'><strong>vestigia</strong></span> <span class='ocrx_word' id='word_1_775' title='bbox 1545 2775 1666 2828; x_wconf 87' lang='lat' dir='ltr'><strong>habitati</strong></span> <span class='ocrx_word' id='word_1_776' title='bbox 1679 2778 1816 2844; x_wconf 88' lang='lat' dir='ltr'><strong>quondam</strong></span> <span class='ocrx_word' id='word_1_777' title='bbox 1830 2779 1893 2843; x_wconf 90' lang='lat' dir='ltr'><strong>soli,</strong></span> <span class='ocrx_word' id='word_1_778' title='bbox 1915 2780 2009 2831; x_wconf 83' lang='lat' dir='ltr'><strong>uinea·</strong></span> 
     </span>
     <span class='ocr_line' id='line_1_111' title="bbox 1203 2844 1672 2913; baseline 0.006 -18"><span class='ocrx_word' id='word_1_779' title='bbox 1203 2859 1264 2896; x_wconf 91' lang='lat' dir='ltr'><strong>rum</strong></span> <span class='ocrx_word' id='word_1_780' title='bbox 1278 2844 1519 2912; x_wconf 91' lang='lat' dir='ltr'><strong>palmetorumque</strong></span> <span class='ocrx_word' id='word_1_781' title='bbox 1530 2846 1672 2913; x_wconf 87' lang='lat' dir='ltr'><strong>reliquias.</strong></span> 
     </span>
    </p>

    <p class='ocr_par' dir='ltr' id='par_1_13' title="bbox 1199 2914 2016 4785">
     <span class='ocr_line' id='line_1_112' title="bbox 1240 2914 2013 2986; baseline 0.006 -21"><span class='ocrx_word' id='word_1_782' title='bbox 1240 2915 1391 2965; x_wconf 82' lang='lat' dir='ltr'><strong>Suetonius</strong></span> <span class='ocrx_word' id='word_1_783' title='bbox 1402 2914 1548 2977; x_wconf 89' lang='lat' dir='ltr'><strong>Paulinus,</strong></span> <span class='ocrx_word' id='word_1_784' title='bbox 1570 2931 1649 2981; x_wconf 88' lang='lat' dir='ltr'><strong>quem</strong></span> <span class='ocrx_word' id='word_1_785' title='bbox 1662 2915 1808 2967; x_wconf 80' lang='lat' dir='ltr'><strong>Consulem</strong></span> <span class='ocrx_word' id='word_1_786' title='bbox 1820 2915 1947 2981; x_wconf 77' lang='lat' dir='ltr'><strong>vidimus,</strong></span> <span class='ocrx_word' id='word_1_787' title='bbox 1957 2920 2013 2986; x_wconf 87' lang='lat' dir='ltr'><strong>pri·</strong></span> 
     </span>
     <span class='ocr_line' id='line_1_113' title="bbox 1205 2983 2016 3050; baseline 0.004 -18"><span class='ocrx_word' id='word_1_788' title='bbox 1205 2998 1265 3033; x_wconf 82' lang='lat' dir='ltr'><strong>nius</strong></span> <span class='ocrx_word' id='word_1_789' title='bbox 1276 2984 1462 3034; x_wconf 90' lang='lat' dir='ltr'><strong>llumanorum</strong></span> <span class='ocrx_word' id='word_1_790' title='bbox 1475 2983 1574 3033; x_wconf 91' lang='lat' dir='ltr'><strong>ducum</strong></span> <span class='ocrx_word' id='word_1_791' title='bbox 1587 2992 1778 3049; x_wconf 87' lang='lat' dir='ltr'><strong>transgressus</strong></span> <span class='ocrx_word' id='word_1_792' title='bbox 1797 2998 1906 3050; x_wconf 89' lang='lat' dir='ltr'><strong>quoque</strong></span> <span class='ocrx_word' id='word_1_793' title='bbox 1916 2990 2016 3041; x_wconf 76' lang='lat' dir='ltr'><strong>Atlan-</strong></span> 
     </span>
     <span class='ocr_line' id='line_1_114' title="bbox 1204 3051 2014 3118; baseline 0.007 -15"><span class='ocrx_word' id='word_1_794' title='bbox 1204 3059 1259 3103; x_wconf 87' lang='lat' dir='ltr'><strong>tem</strong></span> <span class='ocrx_word' id='word_1_795' title='bbox 1271 3051 1377 3117; x_wconf 91' lang='lat' dir='ltr'><strong>aliquot</strong></span> <span class='ocrx_word' id='word_1_796' title='bbox 1389 3051 1506 3101; x_wconf 90' lang='lat' dir='ltr'><strong>millium</strong></span> <span class='ocrx_word' id='word_1_797' title='bbox 1517 3052 1623 3118; x_wconf 87' lang='lat' dir='ltr'><strong>spatio,</strong></span> <span class='ocrx_word' id='word_1_798' title='bbox 1646 3051 1771 3117; x_wconf 87' lang='lat' dir='ltr'><strong>prodidit</strong></span> <span class='ocrx_word' id='word_1_799' title='bbox 1791 3052 1826 3102; x_wconf 91' lang='lat' dir='ltr'><strong>de</strong></span> <span class='ocrx_word' id='word_1_800' title='bbox 1845 3054 2014 3109; x_wconf 85' lang='lat' dir='ltr'><strong>excelsitate</strong></span> 
     </span>
     <span class='ocr_line' id='line_1_115' title="bbox 1204 3119 2013 3187; baseline 0.004 -15"><span class='ocrx_word' id='word_1_801' title='bbox 1204 3119 1314 3187; x_wconf 90' lang='lat' dir='ltr'><strong>quidem</strong></span> <span class='ocrx_word' id='word_1_802' title='bbox 1326 3124 1395 3182; x_wconf 86' lang='lat' dir='ltr'><strong>eius,</strong></span> <span class='ocrx_word' id='word_1_803' title='bbox 1419 3134 1490 3187; x_wconf 87' lang='lat' dir='ltr'><strong>quae</strong></span> <span class='ocrx_word' id='word_1_804' title='bbox 1502 3122 1603 3171; x_wconf 85' lang='lat' dir='ltr'><strong>ceteri:</strong></span> <span class='ocrx_word' id='word_1_805' title='bbox 1624 3122 1696 3171; x_wconf 90' lang='lat' dir='ltr'><strong>imas</strong></span> <span class='ocrx_word' id='word_1_806' title='bbox 1706 3120 1816 3172; x_wconf 86' lang='lat' dir='ltr'><strong>radices</strong></span> <span class='ocrx_word' id='word_1_807' title='bbox 1828 3120 1920 3172; x_wconf 88' lang='lat' dir='ltr'><strong>densis</strong></span> <span class='ocrx_word' id='word_1_808' title='bbox 1931 3123 2013 3175; x_wconf 84' lang='lat' dir='ltr'><strong>altis-</strong></span> 
     </span>
     <span class='ocr_line' id='line_1_116' title="bbox 1204 3189 2011 3258; baseline 0.011 -20"><span class='ocrx_word' id='word_1_809' title='bbox 1204 3205 1256 3258; x_wconf 92' lang='lat' dir='ltr'><strong>que</strong></span> <span class='ocrx_word' id='word_1_810' title='bbox 1269 3189 1391 3255; x_wconf 86' lang='lat' dir='ltr'><strong>repletas</strong></span> <span class='ocrx_word' id='word_1_811' title='bbox 1402 3189 1482 3240; x_wconf 84' lang='lat' dir='ltr'><strong>silvis</strong></span> <span class='ocrx_word' id='word_1_812' title='bbox 1492 3191 1635 3258; x_wconf 87' lang='lat' dir='ltr'><strong>incognito</strong></span> <span class='ocrx_word' id='word_1_813' title='bbox 1646 3205 1747 3256; x_wconf 87' lang='lat' dir='ltr'><strong>genere</strong></span> <span class='ocrx_word' id='word_1_814' title='bbox 1759 3189 1902 3253; x_wconf 86' lang='lat' dir='ltr'><strong>arborum,</strong></span> <span class='ocrx_word' id='word_1_815' title='bbox 1914 3207 2011 3258; x_wconf 88' lang='lat' dir='ltr'><strong>proce·</strong></span> 
     </span>
     <span class='ocr_line' id='line_1_117' title="bbox 1203 3257 2010 3329; baseline 0.006 -20"><span class='ocrx_word' id='word_1_816' title='bbox 1203 3260 1314 3310; x_wconf 87' lang='lat' dir='ltr'><strong>ritatem</strong></span> <span class='ocrx_word' id='word_1_817' title='bbox 1326 3257 1503 3325; x_wconf 89' lang='lat' dir='ltr'><strong>spectabilem</strong></span> <span class='ocrx_word' id='word_1_818' title='bbox 1517 3275 1578 3312; x_wconf 90' lang='lat' dir='ltr'><strong>esse</strong></span> <span class='ocrx_word' id='word_1_819' title='bbox 1590 3261 1672 3312; x_wconf 86' lang='lat' dir='ltr'><strong>enodi</strong></span> <span class='ocrx_word' id='word_1_820' title='bbox 1680 3260 1893 3322; x_wconf 88' lang='lat' dir='ltr'><strong>nitere,irontes</strong></span> <span class='ocrx_word' id='word_1_821' title='bbox 1901 3277 2010 3329; x_wconf 80' lang='lat' dir='ltr'><strong>cupres-</strong></span> 
     </span>
     <span class='ocr_line' id='line_1_118' title="bbox 1202 3328 2009 3398; baseline 0.01 -21"><span class='ocrx_word' id='word_1_822' title='bbox 1202 3328 1241 3377; x_wconf 89' lang='lat' dir='ltr'><strong>sis</strong></span> <span class='ocrx_word' id='word_1_823' title='bbox 1252 3328 1375 3390; x_wconf 92' lang='lat' dir='ltr'><strong>similes,</strong></span> <span class='ocrx_word' id='word_1_824' title='bbox 1394 3334 1560 3395; x_wconf 87' lang='lat' dir='ltr'><strong>praeterque</strong></span> <span class='ocrx_word' id='word_1_825' title='bbox 1571 3329 1737 3398; x_wconf 83' lang='lat' dir='ltr'><strong>graritatem</strong></span> <span class='ocrx_word' id='word_1_826' title='bbox 1755 3330 1850 3381; x_wconf 90' lang='lat' dir='ltr'><strong>oderis</strong></span> <span class='ocrx_word' id='word_1_827' title='bbox 1867 3334 1942 3382; x_wconf 89' lang='lat' dir='ltr'><strong>tenui</strong></span> <span class='ocrx_word' id='word_1_828' title='bbox 1962 3347 2009 3385; x_wconf 80' lang='lat' dir='ltr'><strong>eas</strong></span> 
     </span>
     <span class='ocr_line' id='line_1_119' title="bbox 1202 3395 2009 3467; baseline 0.007 -20"><span class='ocrx_word' id='word_1_829' title='bbox 1202 3395 1302 3449; x_wconf 89' lang='lat' dir='ltr'><strong>obduci</strong></span> <span class='ocrx_word' id='word_1_830' title='bbox 1315 3397 1459 3464; x_wconf 86' lang='lat' dir='ltr'><strong>lanugine:</strong></span> <span class='ocrx_word' id='word_1_831' title='bbox 1479 3399 1577 3467; x_wconf 90' lang='lat' dir='ltr'><strong>quibus</strong></span> <span class='ocrx_word' id='word_1_832' title='bbox 1588 3398 1685 3451; x_wconf 90' lang='lat' dir='ltr'><strong>addita</strong></span> <span class='ocrx_word' id='word_1_833' title='bbox 1696 3408 1767 3463; x_wconf 89' lang='lat' dir='ltr'><strong>arte,</strong></span> <span class='ocrx_word' id='word_1_834' title='bbox 1780 3415 1874 3466; x_wconf 86' lang='lat' dir='ltr'><strong>posse,</strong></span> <span class='ocrx_word' id='word_1_835' title='bbox 1888 3401 2009 3467; x_wconf 89' lang='lat' dir='ltr'><strong>qualeso</strong></span> 
     </span>
     <span class='ocr_line' id='line_1_120' title="bbox 1202 3467 2007 3535; baseline 0.004 -17"><span class='ocrx_word' id='word_1_836' title='bbox 1202 3467 1350 3535; x_wconf 84' lang='lat' dir='ltr'><strong>bombyce,</strong></span> <span class='ocrx_word' id='word_1_837' title='bbox 1360 3475 1454 3520; x_wconf 88' lang='lat' dir='ltr'><strong>restes</strong></span> <span class='ocrx_word' id='word_1_838' title='bbox 1465 3470 1574 3521; x_wconf 89' lang='lat' dir='ltr'><strong>contici.</strong></span> <span class='ocrx_word' id='word_1_839' title='bbox 1595 3471 1732 3522; x_wconf 85' lang='lat' dir='ltr'><strong>verticem</strong></span> <span class='ocrx_word' id='word_1_840' title='bbox 1745 3471 1810 3522; x_wconf 90' lang='lat' dir='ltr'><strong>aitis</strong></span> <span class='ocrx_word' id='word_1_841' title='bbox 1823 3471 1905 3520; x_wconf 86' lang='lat' dir='ltr'><strong>etiam</strong></span> <span class='ocrx_word' id='word_1_842' title='bbox 1917 3478 2007 3522; x_wconf 89' lang='lat' dir='ltr'><strong>aesta·</strong></span> 
     </span>
     <span class='ocr_line' id='line_1_121' title="bbox 1202 3536 2010 3603; baseline 0.002 -16"><span class='ocrx_word' id='word_1_843' title='bbox 1202 3545 1231 3588; x_wconf 90' lang='lat' dir='ltr'><strong>te</strong></span> <span class='ocrx_word' id='word_1_844' title='bbox 1244 3537 1349 3603; x_wconf 86' lang='lat' dir='ltr'><strong>operiri</strong></span> <span class='ocrx_word' id='word_1_845' title='bbox 1361 3536 1478 3589; x_wconf 82' lang='lat' dir='ltr'><strong>nivibus.</strong></span> <span class='ocrx_word' id='word_1_846' title='bbox 1503 3538 1634 3589; x_wconf 87' lang='lat' dir='ltr'><strong>Decumis</strong></span> <span class='ocrx_word' id='word_1_847' title='bbox 1646 3554 1675 3589; x_wconf 87' lang='lat' dir='ltr'><strong>se</strong></span> <span class='ocrx_word' id='word_1_848' title='bbox 1688 3553 1721 3587; x_wconf 89' lang='lat' dir='ltr'><strong>co</strong></span> <span class='ocrx_word' id='word_1_849' title='bbox 1733 3540 1889 3603; x_wconf 71' lang='lat' dir='ltr'><strong>percurrisse</strong></span> <span class='ocrx_word' id='word_1_850' title='bbox 1901 3540 2010 3600; x_wconf 85' lang='lat' dir='ltr'><strong>castris,</strong></span> 
     </span>
     <span class='ocr_line' id='line_1_122' title="bbox 1201 3604 2010 3674; baseline 0.004 -17"><span class='ocrx_word' id='word_1_851' title='bbox 1201 3613 1230 3657; x_wconf 91' lang='lat' dir='ltr'><strong>ct</strong></span> <span class='ocrx_word' id='word_1_852' title='bbox 1240 3607 1316 3657; x_wconf 89' lang='lat' dir='ltr'><strong>ultra</strong></span> <span class='ocrx_word' id='word_1_853' title='bbox 1326 3606 1361 3658; x_wconf 90' lang='lat' dir='ltr'><strong>ad</strong></span> <span class='ocrx_word' id='word_1_854' title='bbox 1373 3604 1496 3667; x_wconf 74' lang='lat' dir='ltr'><strong>flurium,</strong></span> <span class='ocrx_word' id='word_1_855' title='bbox 1517 3608 1563 3672; x_wconf 92' lang='lat' dir='ltr'><strong>qui</strong></span> <span class='ocrx_word' id='word_1_856' title='bbox 1575 3608 1632 3657; x_wconf 86' lang='lat' dir='ltr'><strong>Ger</strong></span> <span class='ocrx_word' id='word_1_857' title='bbox 1644 3615 1802 3668; x_wconf 76' lang='lat' dir='ltr'><strong>necaretur,</strong></span> <span class='ocrx_word' id='word_1_858' title='bbox 1825 3622 1873 3674; x_wconf 87' lang='lat' dir='ltr'><strong>per</strong></span> <span class='ocrx_word' id='word_1_859' title='bbox 1882 3608 2010 3660; x_wconf 91' lang='lat' dir='ltr'><strong>solitudi-</strong></span> 
     </span>
     <span class='ocr_line' id='line_1_123' title="bbox 1200 3675 2009 3741; baseline 0.006 -16"><span class='ocrx_word' id='word_1_860' title='bbox 1200 3690 1250 3727; x_wconf 88' lang='lat' dir='ltr'><strong>nes</strong></span> <span class='ocrx_word' id='word_1_861' title='bbox 1262 3675 1333 3741; x_wconf 87' lang='lat' dir='ltr'><strong>nigri</strong></span> <span class='ocrx_word' id='word_1_862' title='bbox 1345 3675 1466 3740; x_wconf 84' lang='lat' dir='ltr'><strong>pulreris</strong></span> <span class='ocrx_word' id='word_1_863' title='bbox 1478 3676 1661 3726; x_wconf 87' lang='lat' dir='ltr'><strong>eminentibus</strong></span> <span class='ocrx_word' id='word_1_864' title='bbox 1671 3676 1808 3727; x_wconf 85' lang='lat' dir='ltr'><strong>interdum</strong></span> <span class='ocrx_word' id='word_1_865' title='bbox 1820 3678 1894 3728; x_wconf 82' lang='lat' dir='ltr'><strong>reiut</strong></span> <span class='ocrx_word' id='word_1_866' title='bbox 1904 3680 2009 3730; x_wconf 80' lang='lat' dir='ltr'><strong>exustis</strong></span> 
     </span>
     <span class='ocr_line' id='line_1_124' title="bbox 1201 3743 2008 3866; baseline 0.005 -70"><span class='ocrx_word' id='word_1_867' title='bbox 1201 3745 1345 3805; x_wconf 89' lang='lat' dir='ltr'><strong>cautibus,</strong></span> <span class='ocrx_word' id='word_1_868' title='bbox 1365 3744 1429 3794; x_wconf 88' lang='lat' dir='ltr'><strong>loca</strong></span> <span class='ocrx_word' id='word_1_869' title='bbox 1444 3743 1639 3795; x_wconf 82' lang='lat' dir='ltr'><strong>inhabitabilia</strong></span> <span class='ocrx_word' id='word_1_870' title='bbox 1655 3743 1778 3809; x_wconf 79' lang='lat' dir='ltr'><strong>terrere,</strong></span> <span class='ocrx_word' id='word_1_871' title='bbox 1800 3745 2008 3866; x_wconf 82' lang='lat' dir='ltr'><strong>quenquamhi·</strong></span> 
     </span>
     <span class='ocr_line' id='line_1_125' title="bbox 1200 3815 2008 3879; baseline 0.006 -13"><span class='ocrx_word' id='word_1_872' title='bbox 1200 3815 1288 3866; x_wconf 88' lang='lat' dir='ltr'><strong>berno</strong></span> <span class='ocrx_word' id='word_1_873' title='bbox 1302 3820 1436 3878; x_wconf 88' lang='lat' dir='ltr'><strong>tempore,</strong></span> <span class='ocrx_word' id='word_1_874' title='bbox 1447 3820 1601 3878; x_wconf 86' lang='lat' dir='ltr'><strong>expertum.</strong></span> <span class='ocrx_word' id='word_1_875' title='bbox 1631 3815 1683 3877; x_wconf 79' lang='lat' dir='ltr'><strong>Qui</strong></span> <span class='ocrx_word' id='word_1_876' title='bbox 1696 3817 1838 3879; x_wconf 81' lang='lat' dir='ltr'><strong>proximus</strong></span> <span class='ocrx_word' id='word_1_877' title='bbox 1851 3819 1877 3867; x_wconf 92' lang='lat' dir='ltr'><strong>in</strong></span> <span class='ocrx_word' id='word_1_878' title='bbox 1898 3818 2008 3872; x_wconf 83' lang='lat' dir='ltr'><strong>abitcnt</strong></span> 
     </span>
     <span class='ocr_line' id='line_1_126' title="bbox 1201 3876 2007 3954; baseline 0.005 -20"><span class='ocrx_word' id='word_1_879' title='bbox 1201 3883 1299 3945; x_wconf 92' lang='lat' dir='ltr'><strong>saltus,</strong></span> <span class='ocrx_word' id='word_1_880' title='bbox 1310 3876 1433 3934; x_wconf 67' lang='lat' dir='ltr'><strong>Mortes</strong></span> <span class='ocrx_word' id='word_1_881' title='bbox 1445 3880 1655 3948; x_wconf 76' lang='lat' dir='ltr'><strong>elephantorum</strong></span> <span class='ocrx_word' id='word_1_882' title='bbox 1669 3883 1845 3952; x_wconf 80' lang='lat' dir='ltr'><strong>ferarumque</strong></span> <span class='ocrx_word' id='word_1_883' title='bbox 1857 3895 1884 3937; x_wconf 87' lang='lat' dir='ltr'><strong>et</strong></span> <span class='ocrx_word' id='word_1_884' title='bbox 1894 3902 2007 3954; x_wconf 87' lang='lat' dir='ltr'><strong>serpen·</strong></span> 
     </span>
     <span class='ocr_line' id='line_1_127' title="bbox 1200 3952 2006 4024; baseline 0.009 -22"><span class='ocrx_word' id='word_1_885' title='bbox 1200 3954 1269 4002; x_wconf 92' lang='lat' dir='ltr'><strong>tium</strong></span> <span class='ocrx_word' id='word_1_886' title='bbox 1286 3952 1361 4002; x_wconf 92' lang='lat' dir='ltr'><strong>omni</strong></span> <span class='ocrx_word' id='word_1_887' title='bbox 1375 3966 1492 4019; x_wconf 87' lang='lat' dir='ltr'><strong>genere,</strong></span> <span class='ocrx_word' id='word_1_888' title='bbox 1516 3954 1649 4003; x_wconf 84' lang='lat' dir='ltr'><strong>Canariae</strong></span> <span class='ocrx_word' id='word_1_889' title='bbox 1666 3955 1809 4021; x_wconf 86' lang='lat' dir='ltr'><strong>appellari.</strong></span> <span class='ocrx_word' id='word_1_890' title='bbox 1847 3955 1954 4024; x_wconf 80' lang='lat' dir='ltr'><strong>Quippe</strong></span> <span class='ocrx_word' id='word_1_891' title='bbox 1965 3958 2006 4009; x_wconf 85' lang='lat' dir='ltr'><strong>vi-</strong></span> 
     </span>
     <span class='ocr_line' id='line_1_128' title="bbox 1201 4020 2007 4088; baseline 0.009 -16"><span class='ocrx_word' id='word_1_892' title='bbox 1201 4028 1275 4072; x_wconf 90' lang='lat' dir='ltr'><strong>etum</strong></span> <span class='ocrx_word' id='word_1_893' title='bbox 1287 4020 1346 4072; x_wconf 93' lang='lat' dir='ltr'><strong>eius</strong></span> <span class='ocrx_word' id='word_1_894' title='bbox 1357 4021 1486 4072; x_wconf 90' lang='lat' dir='ltr'><strong>animalis</strong></span> <span class='ocrx_word' id='word_1_895' title='bbox 1497 4026 1685 4087; x_wconf 88' lang='lat' dir='ltr'><strong>promiscuum</strong></span> <span class='ocrx_word' id='word_1_896' title='bbox 1699 4022 1740 4076; x_wconf 89' lang='lat' dir='ltr'><strong>his</strong></span> <span class='ocrx_word' id='word_1_897' title='bbox 1750 4042 1812 4078; x_wconf 89' lang='lat' dir='ltr'><strong>csse</strong></span> <span class='ocrx_word' id='word_1_898' title='bbox 1820 4060 1828 4088; x_wconf 89' lang='lat'><strong>,</strong></span> <span class='ocrx_word' id='word_1_899' title='bbox 1850 4036 1878 4077; x_wconf 86' lang='lat' dir='ltr'><strong>et</strong></span> <span class='ocrx_word' id='word_1_900' title='bbox 1891 4026 2007 4079; x_wconf 75' lang='lat' dir='ltr'><strong>dividua</strong></span> 
     </span>
     <span class='ocr_line' id='line_1_129' title="bbox 1201 4090 2007 4162; baseline 0.01 -21"><span class='ocrx_word' id='word_1_901' title='bbox 1201 4090 1322 4157; x_wconf 70' lang='lat' dir='ltr'><strong>ferarum</strong></span> <span class='ocrx_word' id='word_1_902' title='bbox 1332 4093 1448 4143; x_wconf 77' lang='lat' dir='ltr'><strong>viscera.</strong></span> <span class='ocrx_word' id='word_1_903' title='bbox 1485 4092 1607 4143; x_wconf 88' lang='lat' dir='ltr'><strong>iunctam</strong></span> <span class='ocrx_word' id='word_1_904' title='bbox 1618 4092 1785 4162; x_wconf 89' lang='lat' dir='ltr'><strong>Aethiopum</strong></span> <span class='ocrx_word' id='word_1_905' title='bbox 1796 4105 1915 4161; x_wconf 89' lang='lat' dir='ltr'><strong>gentem,</strong></span> <span class='ocrx_word' id='word_1_906' title='bbox 1937 4112 2007 4162; x_wconf 85' lang='lat' dir='ltr'><strong>quos</strong></span> 
     </span>
     <span class='ocr_line' id='line_1_130' title="bbox 1199 4160 2007 4231; baseline 0.006 -20"><span class='ocrx_word' id='word_1_907' title='bbox 1199 4160 1335 4213; x_wconf 89' lang='lat' dir='ltr'><strong>Perorsos</strong></span> <span class='ocrx_word' id='word_1_908' title='bbox 1344 4167 1455 4222; x_wconf 82' lang='lat' dir='ltr'><strong>vocant,</strong></span> <span class='ocrx_word' id='word_1_909' title='bbox 1479 4161 1547 4212; x_wconf 89' lang='lat' dir='ltr'><strong>satis</strong></span> <span class='ocrx_word' id='word_1_910' title='bbox 1558 4171 1678 4215; x_wconf 89' lang='lat' dir='ltr'><strong>constat.</strong></span> <span class='ocrx_word' id='word_1_911' title='bbox 1716 4163 1949 4218; x_wconf 83' lang='lat' dir='ltr'><strong>lubal’tolenrnei</strong></span> <span class='ocrx_word' id='word_1_912' title='bbox 1960 4180 2007 4231; x_wconf 88' lang='lat' dir='ltr'><strong>pa·</strong></span> 
     </span>
     <span class='ocr_line' id='line_1_131' title="bbox 1199 4226 2005 4300; baseline 0.004 -18"><span class='ocrx_word' id='word_1_913' title='bbox 1199 4238 1254 4292; x_wconf 87' lang='lat' dir='ltr'><strong>ter,</strong></span> <span class='ocrx_word' id='word_1_914' title='bbox 1274 4229 1438 4296; x_wconf 92' lang='lat' dir='ltr'><strong>quiprimus</strong></span> <span class='ocrx_word' id='word_1_915' title='bbox 1448 4231 1560 4297; x_wconf 86' lang='lat' dir='ltr'><strong>utrique</strong></span> <span class='ocrx_word' id='word_1_916' title='bbox 1572 4226 1758 4288; x_wconf 84' lang='lat' dir='ltr'><strong>Mauritaniae</strong></span> <span class='ocrx_word' id='word_1_917' title='bbox 1769 4235 1925 4300; x_wconf 80' lang='lat' dir='ltr'><strong>imperarit,</strong></span> <span class='ocrx_word' id='word_1_918' title='bbox 1945 4243 2005 4285; x_wconf 88' lang='lat' dir='ltr'><strong>stu·</strong></span> 
     </span>
     <span class='ocr_line' id='line_1_132' title="bbox 1202 4299 2006 4371; baseline 0.004 -20"><span class='ocrx_word' id='word_1_919' title='bbox 1202 4300 1312 4352; x_wconf 90' lang='lat' dir='ltr'><strong>diorum</strong></span> <span class='ocrx_word' id='word_1_920' title='bbox 1330 4299 1459 4352; x_wconf 89' lang='lat' dir='ltr'><strong>claritate</strong></span> <span class='ocrx_word' id='word_1_921' title='bbox 1477 4303 1686 4355; x_wconf 89' lang='lat' dir='ltr'><strong>memorabilior</strong></span> <span class='ocrx_word' id='word_1_922' title='bbox 1697 4304 1795 4366; x_wconf 90' lang='lat' dir='ltr'><strong>etiam,</strong></span> <span class='ocrx_word' id='word_1_923' title='bbox 1818 4319 1898 4371; x_wconf 92' lang='lat' dir='ltr'><strong>quam</strong></span> <span class='ocrx_word' id='word_1_924' title='bbox 1910 4318 2006 4371; x_wconf 90' lang='lat' dir='ltr'><strong>regno,</strong></span> 
     </span>
     <span class='ocr_line' id='line_1_133' title="bbox 1201 4365 2006 4441; baseline 0.004 -20"><span class='ocrx_word' id='word_1_925' title='bbox 1201 4369 1305 4421; x_wconf 91' lang='lat' dir='ltr'><strong>similia</strong></span> <span class='ocrx_word' id='word_1_926' title='bbox 1316 4368 1442 4436; x_wconf 90' lang='lat' dir='ltr'><strong>prodidit</strong></span> <span class='ocrx_word' id='word_1_927' title='bbox 1452 4369 1617 4424; x_wconf 89' lang='lat' dir='ltr'><strong>deAtlantc:</strong></span> <span class='ocrx_word' id='word_1_928' title='bbox 1630 4365 1796 4440; x_wconf 79' lang='lat' dir='ltr'><strong>praeterqu‘e</strong></span> <span class='ocrx_word' id='word_1_929' title='bbox 1807 4374 1883 4441; x_wconf 87' lang='lat' dir='ltr'><strong>gigni</strong></span> <span class='ocrx_word' id='word_1_930' title='bbox 1897 4373 1936 4426; x_wconf 90' lang='lat' dir='ltr'><strong>ibi</strong></span> <span class='ocrx_word' id='word_1_931' title='bbox 1946 4374 2006 4424; x_wconf 89' lang='lat' dir='ltr'><strong>ber·</strong></span> 
     </span>
     <span class='ocr_line' id='line_1_134' title="bbox 1201 4437 2005 4505; baseline 0 -13"><span class='ocrx_word' id='word_1_932' title='bbox 1201 4441 1275 4503; x_wconf 89' lang='lat' dir='ltr'><strong>bam,</strong></span> <span class='ocrx_word' id='word_1_933' title='bbox 1294 4437 1476 4505; x_wconf 91' lang='lat' dir='ltr'><strong>euphorbiam</strong></span> <span class='ocrx_word' id='word_1_934' title='bbox 1489 4443 1610 4504; x_wconf 90' lang='lat' dir='ltr'><strong>nomine,</strong></span> <span class='ocrx_word' id='word_1_935' title='bbox 1632 4442 1666 4493; x_wconf 92' lang='lat' dir='ltr'><strong>ab</strong></span> <span class='ocrx_word' id='word_1_936' title='bbox 1678 4443 1822 4494; x_wconf 87' lang='lat' dir='ltr'><strong>inventore</strong></span> <span class='ocrx_word' id='word_1_937' title='bbox 1834 4443 1941 4495; x_wconf 88' lang='lat' dir='ltr'><strong>medico</strong></span> <span class='ocrx_word' id='word_1_938' title='bbox 1952 4456 2005 4493; x_wconf 88' lang='lat' dir='ltr'><strong>suo</strong></span> 
     </span>
     <span class='ocr_line' id='line_1_135' title="bbox 1201 4508 2005 4577; baseline 0.002 -16"><span class='ocrx_word' id='word_1_939' title='bbox 1201 4508 1381 4577; x_wconf 86' lang='lat' dir='ltr'><strong>appellatam.</strong></span> <span class='ocrx_word' id='word_1_940' title='bbox 1418 4510 1502 4561; x_wconf 84' lang='lat' dir='ltr'><strong>Cuius</strong></span> <span class='ocrx_word' id='word_1_941' title='bbox 1519 4510 1638 4564; x_wconf 88' lang='lat' dir='ltr'><strong>lacteum</strong></span> <span class='ocrx_word' id='word_1_942' title='bbox 1655 4526 1768 4563; x_wconf 91' lang='lat' dir='ltr'><strong>succum</strong></span> <span class='ocrx_word' id='word_1_943' title='bbox 1784 4512 1863 4560; x_wconf 88' lang='lat' dir='ltr'><strong>miris</strong></span> <span class='ocrx_word' id='word_1_944' title='bbox 1873 4509 2005 4563; x_wconf 87' lang='lat' dir='ltr'><strong>laudibus</strong></span> 
     </span>
     <span class='ocr_line' id='line_1_136' title="bbox 1203 4580 2006 4645; baseline 0 -15"><span class='ocrx_word' id='word_1_945' title='bbox 1203 4580 1325 4632; x_wconf 89' lang='lat' dir='ltr'><strong>celebrat</strong></span> <span class='ocrx_word' id='word_1_946' title='bbox 1342 4581 1371 4630; x_wconf 91' lang='lat' dir='ltr'><strong>in</strong></span> <span class='ocrx_word' id='word_1_947' title='bbox 1389 4580 1519 4632; x_wconf 89' lang='lat' dir='ltr'><strong>claritate</strong></span> <span class='ocrx_word' id='word_1_948' title='bbox 1537 4581 1624 4639; x_wconf 88' lang='lat' dir='ltr'><strong>risus,</strong></span> <span class='ocrx_word' id='word_1_949' title='bbox 1643 4587 1795 4645; x_wconf 89' lang='lat' dir='ltr'><strong>contraque</strong></span> <span class='ocrx_word' id='word_1_950' title='bbox 1816 4583 1960 4643; x_wconf 85' lang='lat' dir='ltr'><strong>serpentes</strong></span> <span class='ocrx_word' id='word_1_951' title='bbox 1975 4585 2006 4630; x_wconf 93' lang='lat' dir='ltr'><strong>et</strong></span> 
     </span>
     <span class='ocr_line' id='line_1_137' title="bbox 1201 4646 2005 4714; baseline 0 -15"><span class='ocrx_word' id='word_1_952' title='bbox 1201 4648 1427 4709; x_wconf 85' lang='lat' dir='ltr'><strong>renenaomuia,</strong></span> <span class='ocrx_word' id='word_1_953' title='bbox 1446 4649 1574 4714; x_wconf 73' lang='lat' dir='ltr'><strong>privatim</strong></span> <span class='ocrx_word' id='word_1_954' title='bbox 1592 4647 1685 4698; x_wconf 89' lang='lat' dir='ltr'><strong>dicato</strong></span> <span class='ocrx_word' id='word_1_955' title='bbox 1700 4646 1850 4699; x_wconf 78' lang='lat' dir='ltr'><strong>volumine.</strong></span> <span class='ocrx_word' id='word_1_956' title='bbox 1887 4647 1923 4699; x_wconf 78' lang='lat' dir='ltr'><strong>lit</strong></span> <span class='ocrx_word' id='word_1_957' title='bbox 1934 4646 2005 4699; x_wconf 90' lang='lat' dir='ltr'><strong>satis</strong></span> 
     </span>
     <span class='ocr_line' id='line_1_138' title="bbox 1201 4715 1684 4785; baseline 0 -18"><span class='ocrx_word' id='word_1_958' title='bbox 1201 4731 1336 4785; x_wconf 89' lang='lat' dir='ltr'><strong>superque</strong></span> <span class='ocrx_word' id='word_1_959' title='bbox 1349 4715 1383 4766; x_wconf 89' lang='lat' dir='ltr'><strong>de</strong></span> <span class='ocrx_word' id='word_1_960' title='bbox 1394 4715 1515 4766; x_wconf 89' lang='lat' dir='ltr'><strong>Atlante.</strong></span> <span class='ocrx_word' id='word_1_961' title='bbox 1682 4720 1684 4725; x_wconf 58' lang='lat'><strong>⁴</strong></span> 
     </span>
    </p>

    <p class='ocr_par' dir='ltr' id='par_1_14' title="bbox 1199 4783 2005 5686">
     <span class='ocr_line' id='line_1_139' title="bbox 1236 4783 2005 4851; baseline 0.001 -15"><span class='ocrx_word' id='word_1_962' title='bbox 1236 4784 1415 4851; x_wconf 82' lang='lat' dir='ltr'><strong>&#39;l&#39;ingitaniae</strong></span> <span class='ocrx_word' id='word_1_963' title='bbox 1426 4784 1586 4849; x_wconf 77' lang='lat' dir='ltr'><strong>prouinciae</strong></span> <span class='ocrx_word' id='word_1_964' title='bbox 1602 4783 1749 4850; x_wconf 87' lang='lat' dir='ltr'><strong>longitudo</strong></span> <span class='ocrx_word' id='word_1_965' title='bbox 1762 4783 1869 4835; x_wconf 77' lang='lat' dir='ltr'><strong>chx.</strong></span> <span class='ocrx_word' id='word_1_966' title='bbox 1880 4783 1918 4835; x_wconf 90' lang='lat' dir='ltr'><strong>M.</strong></span> <span class='ocrx_word' id='word_1_967' title='bbox 1930 4799 2005 4851; x_wconf 82' lang='lat' dir='ltr'><strong>pass.</strong></span> 
     </span>
     <span class='ocr_line' id='line_1_140' title="bbox 1201 4852 2004 4921; baseline 0.002 -17"><span class='ocrx_word' id='word_1_968' title='bbox 1201 4860 1252 4905; x_wconf 89' lang='lat' dir='ltr'><strong>est.</strong></span> <span class='ocrx_word' id='word_1_969' title='bbox 1289 4855 1392 4903; x_wconf 78' lang='lat' dir='ltr'><strong>tientes</strong></span> <span class='ocrx_word' id='word_1_970' title='bbox 1407 4852 1435 4901; x_wconf 91' lang='lat' dir='ltr'><strong>iu</strong></span> <span class='ocrx_word' id='word_1_971' title='bbox 1452 4867 1499 4903; x_wconf 86' lang='lat' dir='ltr'><strong>ea:</strong></span> <span class='ocrx_word' id='word_1_972' title='bbox 1518 4853 1656 4919; x_wconf 88' lang='lat' dir='ltr'><strong>quondum</strong></span> <span class='ocrx_word' id='word_1_973' title='bbox 1669 4854 1817 4921; x_wconf 86' lang='lat' dir='ltr'><strong>praecipua</strong></span> <span class='ocrx_word' id='word_1_974' title='bbox 1829 4853 2004 4919; x_wconf 86' lang='lat' dir='ltr'><strong>Maurorum,</strong></span> 
     </span>
     <span class='ocr_line' id='line_1_141' title="bbox 1200 4921 2005 4988; baseline 0.009 -16"><span class='ocrx_word' id='word_1_975' title='bbox 1200 4921 1272 4973; x_wconf 89' lang='lat' dir='ltr'><strong>unde</strong></span> <span class='ocrx_word' id='word_1_976' title='bbox 1283 4935 1393 4980; x_wconf 89' lang='lat' dir='ltr'><strong>nomen,</strong></span> <span class='ocrx_word' id='word_1_977' title='bbox 1405 4935 1473 4988; x_wconf 89' lang='lat' dir='ltr'><strong>quos</strong></span> <span class='ocrx_word' id='word_1_978' title='bbox 1485 4922 1609 4988; x_wconf 89' lang='lat' dir='ltr'><strong>plerique</strong></span> <span class='ocrx_word' id='word_1_979' title='bbox 1621 4923 1779 4974; x_wconf 89' lang='lat' dir='ltr'><strong>Maurusios</strong></span> <span class='ocrx_word' id='word_1_980' title='bbox 1791 4924 1928 4975; x_wconf 80' lang='lat' dir='ltr'><strong>dixerunt.</strong></span> <span class='ocrx_word' id='word_1_981' title='bbox 1956 4928 2005 4978; x_wconf 88' lang='lat' dir='ltr'><strong>At·</strong></span> 
     </span>
     <span class='ocr_line' id='line_1_142' title="bbox 1199 4988 2005 5057; baseline 0.005 -15"><span class='ocrx_word' id='word_1_982' title='bbox 1199 4998 1314 5044; x_wconf 87' lang='lat' dir='ltr'><strong>tenuata</strong></span> <span class='ocrx_word' id='word_1_983' title='bbox 1329 4988 1411 5041; x_wconf 90' lang='lat' dir='ltr'><strong>bellis</strong></span> <span class='ocrx_word' id='word_1_984' title='bbox 1428 4991 1462 5042; x_wconf 90' lang='lat' dir='ltr'><strong>ad</strong></span> <span class='ocrx_word' id='word_1_985' title='bbox 1474 5006 1576 5057; x_wconf 87' lang='lat' dir='ltr'><strong>paucas</strong></span> <span class='ocrx_word' id='word_1_986' title='bbox 1591 4993 1691 5044; x_wconf 86' lang='lat' dir='ltr'><strong>recidit</strong></span> <span class='ocrx_word' id='word_1_987' title='bbox 1703 4991 1834 5043; x_wconf 80' lang='lat' dir='ltr'><strong>familias.</strong></span> <span class='ocrx_word' id='word_1_988' title='bbox 1871 4992 2005 5046; x_wconf 72' lang='lat' dir='ltr'><strong>Proxima</strong></span> 
     </span>
     <span class='ocr_line' id='line_1_143' title="bbox 1199 5059 2005 5126; baseline 0.005 -14"><span class='ocrx_word' id='word_1_989' title='bbox 1199 5060 1242 5112; x_wconf 89' lang='lat' dir='ltr'><strong>illi</strong></span> <span class='ocrx_word' id='word_1_990' title='bbox 1253 5059 1491 5126; x_wconf 85' lang='lat' dir='ltr'><strong>Massaesylorum</strong></span> <span class='ocrx_word' id='word_1_991' title='bbox 1500 5061 1601 5122; x_wconf 89' lang='lat' dir='ltr'><strong>iuerat,</strong></span> <span class='ocrx_word' id='word_1_992' title='bbox 1612 5061 1663 5113; x_wconf 89' lang='lat' dir='ltr'><strong>sed</strong></span> <span class='ocrx_word' id='word_1_993' title='bbox 1676 5062 1762 5113; x_wconf 90' lang='lat' dir='ltr'><strong>simili</strong></span> <span class='ocrx_word' id='word_1_994' title='bbox 1774 5062 1858 5113; x_wconf 91' lang='lat' dir='ltr'><strong>modo</strong></span> <span class='ocrx_word' id='word_1_995' title='bbox 1866 5064 2005 5117; x_wconf 79' lang='lat' dir='ltr'><strong>exstincta</strong></span> 
     </span>
     <span class='ocr_line' id='line_1_144' title="bbox 1200 5127 2002 5198; baseline 0.007 -18"><span class='ocrx_word' id='word_1_996' title='bbox 1200 5135 1250 5182; x_wconf 92' lang='lat' dir='ltr'><strong>est.</strong></span> <span class='ocrx_word' id='word_1_997' title='bbox 1286 5127 1422 5180; x_wconf 85' lang='lat' dir='ltr'><strong>Gaetulae</strong></span> <span class='ocrx_word' id='word_1_998' title='bbox 1434 5145 1508 5180; x_wconf 91' lang='lat' dir='ltr'><strong>nune</strong></span> <span class='ocrx_word' id='word_1_999' title='bbox 1519 5136 1613 5181; x_wconf 90' lang='lat' dir='ltr'><strong>tenent</strong></span> <span class='ocrx_word' id='word_1_1000' title='bbox 1621 5138 1728 5198; x_wconf 88' lang='lat' dir='ltr'><strong>gentes,</strong></span> <span class='ocrx_word' id='word_1_1001' title='bbox 1739 5130 1889 5193; x_wconf 89' lang='lat' dir='ltr'><strong>Baniurae,</strong></span> <span class='ocrx_word' id='word_1_1002' title='bbox 1899 5134 2002 5186; x_wconf 90' lang='lat' dir='ltr'><strong>multo-</strong></span> 
     </span>
     <span class='ocr_line' id='line_1_145' title="bbox 1200 5196 2004 5270; baseline 0.005 -21"><span class='ocrx_word' id='word_1_1003' title='bbox 1200 5211 1252 5265; x_wconf 89' lang='lat' dir='ltr'><strong>que</strong></span> <span class='ocrx_word' id='word_1_1004' title='bbox 1263 5196 1430 5248; x_wconf 82' lang='lat' dir='ltr'><strong>ralidissimi</strong></span> <span class='ocrx_word' id='word_1_1005' title='bbox 1450 5198 1605 5251; x_wconf 89' lang='lat' dir='ltr'><strong>Autololes:</strong></span> <span class='ocrx_word' id='word_1_1006' title='bbox 1629 5198 1771 5251; x_wconf 91' lang='lat' dir='ltr'><strong>ethorum</strong></span> <span class='ocrx_word' id='word_1_1007' title='bbox 1788 5215 1852 5267; x_wconf 91' lang='lat' dir='ltr'><strong>pars</strong></span> <span class='ocrx_word' id='word_1_1008' title='bbox 1864 5201 2004 5270; x_wconf 91' lang='lat' dir='ltr'><strong>quondam</strong></span> 
     </span>
     <span class='ocr_line' id='line_1_146' title="bbox 1199 5266 2004 5338; baseline 0.006 -21"><span class='ocrx_word' id='word_1_1009' title='bbox 1199 5267 1317 5323; x_wconf 81' lang='lat' dir='ltr'><strong>Vesuui:</strong></span> <span class='ocrx_word' id='word_1_1010' title='bbox 1333 5268 1380 5333; x_wconf 90' lang='lat' dir='ltr'><strong>qui</strong></span> <span class='ocrx_word' id='word_1_1011' title='bbox 1391 5266 1482 5319; x_wconf 84' lang='lat' dir='ltr'><strong>arulsi</strong></span> <span class='ocrx_word' id='word_1_1012' title='bbox 1493 5266 1535 5318; x_wconf 90' lang='lat' dir='ltr'><strong>his</strong></span> <span class='ocrx_word' id='word_1_1013' title='bbox 1545 5270 1685 5334; x_wconf 90' lang='lat' dir='ltr'><strong>propriam</strong></span> <span class='ocrx_word' id='word_1_1014' title='bbox 1696 5266 1788 5323; x_wconf 88' lang='lat' dir='ltr'><strong>iecere</strong></span> <span class='ocrx_word' id='word_1_1015' title='bbox 1800 5280 1920 5338; x_wconf 88' lang='lat' dir='ltr'><strong>gentem,</strong></span> <span class='ocrx_word' id='word_1_1016' title='bbox 1932 5272 2004 5325; x_wconf 79' lang='lat' dir='ltr'><strong>rarsi</strong></span> 
     </span>
     <span class='ocr_line' id='line_1_147' title="bbox 1199 5332 2003 5404; baseline 0.006 -17"><span class='ocrx_word' id='word_1_1017' title='bbox 1199 5335 1234 5387; x_wconf 91' lang='lat' dir='ltr'><strong>ad</strong></span> <span class='ocrx_word' id='word_1_1018' title='bbox 1245 5332 1404 5401; x_wconf 86' lang='lat' dir='ltr'><strong>Aethiopas.</strong></span> <span class='ocrx_word' id='word_1_1019' title='bbox 1439 5336 1503 5404; x_wconf 83' lang='lat' dir='ltr'><strong>lpsa</strong></span> <span class='ocrx_word' id='word_1_1020' title='bbox 1520 5336 1663 5403; x_wconf 84' lang='lat' dir='ltr'><strong>provincia</strong></span> <span class='ocrx_word' id='word_1_1021' title='bbox 1679 5338 1714 5389; x_wconf 90' lang='lat' dir='ltr'><strong>ab</strong></span> <span class='ocrx_word' id='word_1_1022' title='bbox 1726 5336 1834 5393; x_wconf 89' lang='lat' dir='ltr'><strong>oriente</strong></span> <span class='ocrx_word' id='word_1_1023' title='bbox 1848 5350 2003 5402; x_wconf 86' lang='lat' dir='ltr'><strong>nrontuosa,</strong></span> 
     </span>
     <span class='ocr_line' id='line_1_148' title="bbox 1201 5402 2005 5478; baseline 0.007 -21"><span class='ocrx_word' id='word_1_1024' title='bbox 1201 5406 1255 5458; x_wconf 85' lang='lat' dir='ltr'><strong>lert</strong></span> <span class='ocrx_word' id='word_1_1025' title='bbox 1267 5402 1438 5471; x_wconf 88' lang='lat' dir='ltr'><strong>elephantos.</strong></span> <span class='ocrx_word' id='word_1_1026' title='bbox 1466 5407 1496 5457; x_wconf 91' lang='lat' dir='ltr'><strong>ln</strong></span> <span class='ocrx_word' id='word_1_1027' title='bbox 1507 5406 1589 5458; x_wconf 90' lang='lat' dir='ltr'><strong>Abila</strong></span> <span class='ocrx_word' id='word_1_1028' title='bbox 1601 5421 1709 5475; x_wconf 90' lang='lat' dir='ltr'><strong>quoque</strong></span> <span class='ocrx_word' id='word_1_1029' title='bbox 1720 5417 1825 5475; x_wconf 90' lang='lat' dir='ltr'><strong>monte,</strong></span> <span class='ocrx_word' id='word_1_1030' title='bbox 1837 5417 1865 5463; x_wconf 90' lang='lat' dir='ltr'><strong>et</strong></span> <span class='ocrx_word' id='word_1_1031' title='bbox 1876 5427 1945 5478; x_wconf 92' lang='lat' dir='ltr'><strong>quos</strong></span> <span class='ocrx_word' id='word_1_1032' title='bbox 1957 5408 2005 5463; x_wconf 82' lang='lat' dir='ltr'><strong>Se·</strong></span> 
     </span>
     <span class='ocr_line' id='line_1_149' title="bbox 1199 5474 2003 5547; baseline 0.002 -20"><span class='ocrx_word' id='word_1_1033' title='bbox 1199 5483 1275 5543; x_wconf 90' lang='lat' dir='ltr'><strong>ptem</strong></span> <span class='ocrx_word' id='word_1_1034' title='bbox 1290 5474 1393 5526; x_wconf 82' lang='lat' dir='ltr'><strong>iratres</strong></span> <span class='ocrx_word' id='word_1_1035' title='bbox 1408 5489 1426 5525; x_wconf 89' lang='lat' dir='ltr'><strong>a</strong></span> <span class='ocrx_word' id='word_1_1036' title='bbox 1441 5475 1527 5527; x_wconf 89' lang='lat' dir='ltr'><strong>simili</strong></span> <span class='ocrx_word' id='word_1_1037' title='bbox 1545 5476 1694 5530; x_wconf 86' lang='lat' dir='ltr'><strong>altitudine</strong></span> <span class='ocrx_word' id='word_1_1038' title='bbox 1713 5480 1868 5547; x_wconf 85' lang='lat' dir='ltr'><strong>appellant:</strong></span> <span class='ocrx_word' id='word_1_1039' title='bbox 1890 5480 1911 5532; x_wconf 92' lang='lat' dir='ltr'><strong>ii</strong></span> <span class='ocrx_word' id='word_1_1040' title='bbox 1928 5479 2003 5530; x_wconf 80' lang='lat' dir='ltr'><strong>fretu</strong></span> 
     </span>
     <span class='ocr_line' id='line_1_150' title="bbox 1199 5543 2003 5602; baseline 0.002 -5"><span class='ocrx_word' id='word_1_1041' title='bbox 1199 5545 1346 5597; x_wconf 91' lang='lat' dir='ltr'><strong>imminent</strong></span> <span class='ocrx_word' id='word_1_1042' title='bbox 1360 5543 1450 5595; x_wconf 87' lang='lat' dir='ltr'><strong>iuncti</strong></span> <span class='ocrx_word' id='word_1_1043' title='bbox 1466 5546 1570 5598; x_wconf 89' lang='lat' dir='ltr'><strong>Abilae.</strong></span> <span class='ocrx_word' id='word_1_1044' title='bbox 1606 5549 1647 5600; x_wconf 88' lang='lat' dir='ltr'><strong>Ab</strong></span> <span class='ocrx_word' id='word_1_1045' title='bbox 1663 5544 1707 5600; x_wconf 89' lang='lat' dir='ltr'><strong>his</strong></span> <span class='ocrx_word' id='word_1_1046' title='bbox 1722 5564 1774 5602; x_wconf 91' lang='lat' dir='ltr'><strong>ora</strong></span> <span class='ocrx_word' id='word_1_1047' title='bbox 1789 5550 1891 5602; x_wconf 86' lang='lat' dir='ltr'><strong>interni</strong></span> <span class='ocrx_word' id='word_1_1048' title='bbox 1908 5546 2003 5599; x_wconf 90' lang='lat' dir='ltr'><strong>maris.</strong></span> 
     </span>
     <span class='ocr_line' id='line_1_151' title="bbox 1199 5614 2000 5686; baseline 0.001 -19"><span class='ocrx_word' id='word_1_1049' title='bbox 1199 5614 1316 5667; x_wconf 86' lang='lat' dir='ltr'><strong>Flumen</strong></span> <span class='ocrx_word' id='word_1_1050' title='bbox 1329 5614 1458 5667; x_wconf 82' lang='lat' dir='ltr'><strong>&#39;l&#39;umuda</strong></span> <span class='ocrx_word' id='word_1_1051' title='bbox 1473 5616 1647 5685; x_wconf 78' lang='lat' dir='ltr'><strong>navigabile,</strong></span> <span class='ocrx_word' id='word_1_1052' title='bbox 1667 5619 1805 5686; x_wconf 87' lang='lat' dir='ltr'><strong>quondam</strong></span> <span class='ocrx_word' id='word_1_1053' title='bbox 1821 5626 1850 5672; x_wconf 91' lang='lat' dir='ltr'><strong>et</strong></span> <span class='ocrx_word' id='word_1_1054' title='bbox 1860 5615 2000 5686; x_wconf 86' lang='lat' dir='ltr'><strong>oppidum.</strong></span> 
     </span>
    </p>
   </div>
   <div class='ocr_carea' id='block_1_7' title="bbox 0 0 2170 6005">
    <p class='ocr_par' dir='ltr' id='par_1_15' title="bbox 0 0 2170 6005">
     <span class='ocr_line' id='line_1_152' title="bbox 0 0 2170 6005; baseline 0 0"><span class='ocrx_word' id='word_1_1055' title='bbox 0 0 2170 6005; x_wconf 95' lang='lat' dir='ltr'><strong> </strong></span> 
     </span>
    </p>
   </div>
  </div>
 </body>
</html>
