4374 6014
276 348 717 416 aternitsacmiitl
742 346 914 414 NATUR.
938 346 1132 415 atsutia.
1162 346 1250 415 aiu.
1271 346 1441 423 XXXIV.
1477 351 1575 426 Gril’,
1600 358 1720 418 13-18.
1765 361 1827 422 383

173 518 248 559 aare
267 504 339 558 bano
357 520 503 560 maneum
516 504 625 559 &mm
639 503 803 570 exoniente,
823 516 892 575 quas
908 498 975 558 mo'x

173 578 343 630 lumnamre·
375 574 975 628 Statuerantllomseetiaminorrrnibusri·

174 646 217 699 eis
229 646 258 696 0.
272 645 367 699 Mario
377 644 547 696 Gratidiano
558 647 659 709 tribus,
667 653 700 696 ut
711 645 840 709 diximus,
850 644 975 697 easdem

173 728 227 781 que
238 714 399 765 subvertere
407 714 504 767 Sullae
512 714 639 765 introitu.

210 782 283 836 lllll.
300 782 520 832 Pedestressine
530 782 615 831 dnbio
627 782 733 831 linense
751 781 830 830 inere
840 784 869 831 in
881 787 976 831 eneto-

174 851 261 905 ritate
270 849 357 917 longo
367 856 501 915 tempore.
522 849 701 914 isqoestrinm
713 858 807 900 tamen
819 850 900 916 origo
913 864 974 915 per·

175 932 257 974 auam
267 925 347 971 nens
358 923 412 981 est,
431 932 494 968 oum
506 915 617 968 feminis
637 917 723 969 etlam
741 915 845 970 honoro
856 932 976 970 eommu-

176 989 280 1043 nlcato.
317 987 440 1040 Cloeliae
451 988 535 1039 etiam
545 993 641 1039 statue
653 994 697 1038 est
707 988 852 1054 equestris,
867 1000 917 1039 oea
929 1000 976 1054 pa-

174 1062 324 1113 sumerset
334 1062 403 1123 toga
413 1071 474 1108 eam
487 1056 573 1122 magis
595 1070 657 1106 cam
669 1054 824 1117 Lucretiae,
835 1071 868 1108 ae
879 1057 977 1118 linito,

176 1129 270 1196 quiex
290 1126 402 1179 silerent
413 1139 504 1192 reges,
525 1131 640 1192 propter
648 1140 718 1192 quos
729 1125 838 1178 Cloelia
846 1126 919 1177 inter
931 1126 977 1179 ob·

177 1196 255 1253 siclos
266 1143 367 1258 iuerat,
379 1210 435 1246 naa
445 1197 668 1248 decernerentur.
697 1197 776 1247 lianc
788 1197 903 1261 pmnrem
914 1208 977 1246 oum

178 1266 295 1322 Coclitis
313 1266 424 1333 publice
441 1264 563 1317 dicatam
580 1264 761 1317 crediderim:
782 1267 848 1317 Atto
861 1265 933 1316 enim
945 1279 978 1317 ac

177 1335 305 1404 Sibyllae
315 1334 544 1402 'l‘arquinium,et
553 1349 634 1403 roges
643 1335 696 1388 sibi
707 1336 784 1402 ipsos
794 1336 922 1403 posuisse
930 1349 977 1386 ro-

176 1405 297 1460 risirniie
307 1411 362 1457 est:
384 1405 437 1457 nisi
449 1403 573 1457 Cloeliae
589 1418 702 1472 quoque
712 1406 779 1457 i'iso
795 1404 923 1457 traderet
942 1404 977 1455 ab

175 1473 222 1529 bis
233 1475 365 1542 positam,
374 1474 424 1541 qui
434 1488 491 1525 una
500 1473 612 1526 obsides
622 1473 744 1536 luerunt,
755 1474 875 1527 redditis
885 1488 902 1525 a
914 1472 980 1524 Por-

178 1560 265 1598 senna
285 1546 314 1596 iu
327 1542 462 1597 bonorem
474 1543 545 1596 eius.
580 1544 727 1595 lidiverso
737 1546 842 1596 Annius
853 1543 979 1605 Fetiaiis,

175 1620 346 1681 equestrem,
365 1627 435 1682 qaae
454 1613 542 1664 fuerit
556 1620 655 1666 eontra
666 1612 872 1667 loris-Statoris
883 1612 979 1664 aedem

176 1683 359 1736 investibulo
371 1684 490 1750 Superbi
500 1682 613 1746 domus,
636 1684 767 1737 Valeriae
789 1683 877 1734 luisse
888 1678 980 1734 Publi·

178 1753 258 1804 calaa
269 1753 392 1805 consulis
403 1753 492 1806 illiso:
510 1767 627 1821 eamque
638 1755 726 1807 solam
737 1751 980 1821 refugientium

176 1822 287 1888 situque
297 1823 465 1884 transvisse,
487 1825 590 1874 ceteris
602 1823 759 1882 obsidibus,
780 1836 851 1889 quae
863 1821 979 1872 Porsen-

177 1904 230 1943 nae
242 1891 436 1953 mittebantur,
446 1892 606 1943 intereuntis
618 1891 765 1957 'tarquinii
774 1890 892 1941 insidiis.

212 1959 288 2012 XlV.
306 1960 412 2012 Lucius
425 1959 490 2013 Piso
501 1960 634 2026 prodidit,
646 1960 685 2012 M.
695 1958 821 2020 Aemilia,
830 1962 858 2010 0.
869 1957 980 2024 Popilio

177 2029 204 2082 ii
215 2030 293 2081 Coss.
304 2031 494 2081 acensoribus
506 2030 535 2081 P.
547 2028 679 2081 Cornelio
691 2028 830 2095 Scipione,
846 2026 885 2077 M.
896 2026 980 2092 i'opi·

177 2096 349 2160 limatorum
359 2098 648 2151 circaForumeorum
659 2100 706 2166 qui
719 2098 911 2163 magistratum
921 2108 981 2163 ges·

178 2173 284 2229 emunt,
294 2168 419 2220 sublatas
431 2183 538 2230 amnes,
559 2176 728 2235 praetereas
739 2180 810 2286 {aas
821 2165 919 2232 popuii
931 2169 980 2216 aut

178 2243 293 2289 senatus
312 2237 453 2289 sententia
463 2241 586 2289 statutae
601 2243 704 2289 essent.
767 2250 809 2286 am
820 2246 981 2300 veroquam

179 2305 253 2372 apud
264 2305 361 2358 eedem
373 2306 497 2359 Telluris
508 2307 656 2358 statuisset
664 2305 720 2355 eibi
730 2304 776 2371 Sp.
788 2304 910 2363 Cassium,
934 2303 981 2369 qni

180 2389 296 2440 regnum
310 2373 503 2438 affectaverat,
524 2376 609 2427 etiam
622 2373 771 2425 conilatnm
783 2387 800 2423 a
811 2371 981 2423 derisoribus.

180 2444 320 2497 Niurirum
331 2444 360 2495 in
370 2459 523 2512 aequoque
537 2458 569 2496 re
580 2443 729 2495 ambitioni
746 2441 929 2507 providebant
940 2442 982 2493 iili

180 2513 242 2566 ntra
267 2517 388 2567 iixnnnt
400 2514 513 2565 Catonis
524 2515 552 2563 in
566 2526 682 2565 censura
692 2511 914 2572 vociferationes,
925 2524 984 2561 aru·

180 2581 300 2637 lienibus
310 2582 481 2633 Romanisia
493 2582 643 2647 provinciis
656 2586 767 2632 statuas
777 2582 851 2647 pani.
874 2580 983 2631 Necta-

178 2666 245 2707 xnen
256 2650 350 2715 potuit
359 2648 555 2715 inbiborequo
567 2651 656 2701 minus
667 2650 773 2701 Romae
784 2662 983 2716 quaquepone·

184 2729 289 2779 retitur,
300 2719 383 2769 sicuti
392 2716 735 2771 CorneliaeGraoelmruro
747 2720 839 2781 aratri,
848 2732 919 2785 qrrne
929 2717 983 2769 iuit

180 2788 306 2841 Africani
317 2788 419 2854 prioris
430 2788 496 2838 iiiia.
532 2787 638 2840 Sedens
648 2787 713 2840 lruic
724 2789 827 2856 posita,
842 2787 982 2852 asinisque

1026 505 1154 576 Delphis,
1163 502 1311 574 superesse
1323 506 1481 560 creduntur.
1518 506 1588 572 Quis
1599 507 1655 559 ista
1666 509 1829 564 mortalium

1064 578 1156 645 rseqni
1167 576 1275 644 possiti
1287 584 1336 629 out
1346 578 1409 645 quis
1421 590 1488 628 usus
1497 578 1627 633 noscendi
1637 578 1829 646 intelligatur!

1042 647 1253 713 nsigniatamen
1264 647 1395 710 maxime,
1418 653 1446 698 et
1457 647 1555 714 aliqua
1574 646 1609 699 de
1626 656 1830 715 consauciata,

1029 715 1215 779 voluptarium
1227 718 1265 766 sit
1276 716 1411 784 attigisse,
1421 716 1599 784 artificesque
1611 716 1768 769 celebratos
1779 734 1831 770 no·

1027 784 1189 833 minorissa:
1208 785 1383 849 singulorum
1405 799 1515 854 quoque
1526 784 1716 852 inexplicabili
1733 787 1829 840 multi·

1028 850 1136 913 tudine,
1156 864 1218 901 cum
1241 850 1382 918 Lysippus
1402 852 1460 903 MD
1480 869 1568 919 opera
1589 854 1688 906 iecisse
1709 854 1831 921 dicatur,

1028 924 1126 973 tantae
1143 918 1237 970 omnia
1256 920 1334 982 artis,
1355 926 1387 971 ut
1398 920 1556 973 claritatem
1573 923 1766 989 posseutdare
1785 924 1832 979 vel

1030 989 1149 1057 singula.
1163 987 1314 1041 Numerum
1325 991 1489 1057 apparuisse
1501 990 1632 1043 destincte
1643 1005 1685 1054 eo,
1698 1008 1759 1044 cum
1771 992 1834 1047 tae-

1030 1074 1142 1111 saurum
1153 1056 1310 1127 effregisset
1322 1056 1415 1111 ireres:
1436 1060 1550 1111 solitam
1563 1062 1634 1111 enirn
1647 1076 1682 1112 ex
1694 1063 1831 1129 manipre-

1030 1130 1073 1180 tio
1086 1129 1220 1198 cuiurque
1231 1131 1302 1198 signi
1324 1128 1456 1181 denarios
1477 1144 1611 1249 seponere
1624 1144 1725 1182 aureos
1734 1132 1832 1200 singu·

1031 1198 1082 1249 ias.
1114 1198 1219 1250 lineata
1230 1213 1315 1265 supra
1326 1197 1471 1249 humanam
1484 1200 1502 1249 a
1523 1215 1564 1250 em
1576 1214 1623 1251 ars
1634 1203 1677 1251 est
1688 1214 1832 1266 successu,

1032 1281 1097 1319 mox
1117 1276 1145 1319 et
1164 1267 1292 1319 audacia.
1327 1268 1358 1319 in
1381 1264 1574 1337 argumentum
1589 1283 1736 1321 successus
1747 1284 1832 1323 unum

1033 1336 1189 1405 exemplum
1201 1336 1327 1401 afferam,
1336 1336 1393 1389 'nec
1405 1337 1686 1391 deorum'hominisve
1698 1339 1833 1392 similitu·

1033 1406 1107 1456 dinis
1127 1421 1283 1473 expressae.
1323 1408 1407 1458 rietes
1429 1413 1524 1460 nostra
1544 1407 1615 1459 vidit
1634 1409 1663 1460 in
1684 1410 1834 1478 Capitolio,

1033 1475 1190 1543 priusquam
1203 1475 1230 1526 id
1244 1476 1393 1529 notissime
1405 1478 1587 1547 conflagravit
1597 1494 1614 1529 a
1623 1478 1782 1532 Vitellianis
1793 1482 1834 1532 ia-

1033 1547 1189 1608 censum,in
1200 1545 1272 1598 celia
1283 1547 1509 1609 lunonis,canenr
1522 1562 1556 1598 ex
1568 1562 1632 1599 aere
1643 1548 1742 1599 vuinus
1752 1563 1835 1601 suam

1033 1614 1213 1668 lambentem:
1234 1615 1313 1666 cuius
1325 1618 1453 1668 eximium
1466 1612 1630 1668 miraculum
1642 1625 1671 1669 et
1681 1616 1836 1669 indiscreta

1033 1684 1266 1746 verisimilitudo,
1287 1700 1341 1735 non
1362 1700 1395 1736 eo
1407 1686 1496 1737 ialam
1508 1684 1684 1753 intelligitur,
1706 1687 1836 1754 quodibi

1034 1752 1126 1805 dicata
1137 1755 1241 1807 lucrat:
1254 1769 1348 1805 nerum
1361 1763 1389 1806 et
1401 1770 1471 1805 nora
1480 1754 1679 1807 satisdatione:
1692 1771 1835 1808 namnum·

1034 1838 1079 1873 ma
1091 1823 1167 1875 nulio
1180 1823 1402 1889 pervidebatur:
1415 1824 1508 1891 capite
1519 1824 1666 1877 tutelarios
1678 1840 1776 1878 carere
1783 1841 1833 1892 pro

1034 1906 1074 1951 ca,
1086 1892 1208 1943 instituti
1220 1892 1323 1959 publici
1335 1893 1399 1944 luit.

1068 1959 1168 2011 xviii.
1187 1960 1329 2012 audaciae
1339 1963 1484 2014 innumera
1495 1968 1562 2015 sunt
1571 1962 1707 2029 exempla.
1740 1963 1834 2015 Moles

1037 2029 1140 2095 quippe
1152 2029 1328 2094 excogitatas
1340 2032 1464 2082 ridemus
1474 2040 1642 2095 statuarum,
1663 2047 1731 2099 quas
1743 2033 1838 2084 colnac

1034 2112 1098 2148 seas
1109 2106 1217 2159 vocarit,
1239 2100 1365 2151 turribus
1378 2114 1467 2166 pares.
1504 2100 1584 2151 Talis
1596 2107 1639 2152 est
1650 2101 1679 2151 in
1692 2102 1835 2167 Capitolio

1034 2165 1144 2233 Apollo,
1163 2167 1316 2219 translatus
1328 2184 1345 2219 a
1356 2166 1394 2219 M.
1406 2168 1524 2220 Lucullo
1545 2183 1578 2220 ex
1592 2169 1742 2235 Apollonia
1751 2169 1836 2223 Ponti

1035 2236 1197 2298 urbe,XXX
1209 2236 1374 2298 cubitorum,
1384 2238 1541 2305 quingentis
1552 2238 1666 2290 talentis
1678 2236 1783 2291 laetus:
1794 2250 1836 2293 tu·

1034 2304 1109 2356 lirin
1121 2307 1224 2370 Canopo
1236 2307 1340 2357 Martio
1354 2308 1461 2372 iupiter
1472 2325 1490 2359 a
1501 2307 1574 2358 Diuo
1587 2307 1705 2359 Claudio
1717 2310 1837 2361 Caesare

1036 2372 1154 2433 dicatus,
1174 2375 1221 2439 qui
1241 2382 1359 2426 vocatur
1369 2374 1553 2442 Pompeianus
1565 2390 1581 2426 a
1595 2378 1741 2428 vicinitate
1757 2375 1835 2428 iirea-

1036 2444 1086 2492 tri:
1097 2441 1164 2493 talis
1177 2447 1204 2492 et
1214 2443 1330 2493 Tarenti
1343 2442 1433 2493 factus
1445 2458 1462 2493 a
1470 2444 1594 2509 lnysippo
1606 2442 1656 2496 XL
1668 2446 1836 2497 cubiturum.

1035 2511 1138 2562 Mirum
1150 2509 1179 2560 io
1190 2524 1233 2572 eo,
1255 2511 1327 2575 quod
1339 2524 1429 2571 manu,
1451 2519 1481 2561 ut
1493 2511 1593 2572 lerunt,
1605 2512 1725 2573 mobilis,
1737 2518 1782 2575 (ea
1793 2530 1837 2565 ra·

1035 2581 1077 2631 tio
1089 2580 1246 2631 libramenti
1258 2584 1321 2642 est‚)
1342 2579 1427 2629 nullia
1441 2579 1615 2631 convellatur
1626 2580 1767 2647 procellis.
1805 2582 1837 2633 ld

1036 2648 1145 2716 quidem
1157 2648 1313 2713 providisse
1326 2654 1354 2699 et
1373 2647 1477 2699 artilex
1490 2647 1600 2709 dicitur,
1620 2649 1730 2702 modico
1748 2652 1835 2703 inter·

1035 2718 1121 2778 roilo,
1131 2716 1204 2768 unde
1217 2717 1338 2768 maxime
1349 2714 1445 2767 ilatum
1455 2732 1525 2784 opus
1537 2724 1596 2768 erat
1607 2716 1709 2785 frangi,
1721 2722 1835 2787 opposi-

1036 2794 1065 2838 ta
1076 2788 1212 2838 columna.
1250 2787 1346 2855 itaquo
1356 2793 1470 2855 propter
1487 2786 1705 2852 magnitudinem
1718 2788 1835 2843 diiiicui·

178 2860 242 2910 siae
261 2864 374 2910 samnio
397 2856 524 2923 insignis,
545 2858 573 2908 in
593 2857 702 2909 Metelli
723 2857 836 2924 publica
856 2857 981 2923 portica:

180 2941 254 2994 quae
263 2933 360 2978 statua
370 2942 444 2979 nunc
456 2934 499 2979 cst
510 2927 538 2977 in
549 2928 681 2979 Octaviam
691 2927 833 2995 operibus.
1035 2938 1195 2987 comacum
1203 2924 1361 2987 Herculem,
1371 2925 1418 2990 qui
1430 2933 1472 2977 est
1484 2925 1838 2991 incapitolio,indetrans·

217 2994 280 3048 XV.
298 2994 413 3047 Publica
432 3002 525 3047 autom
546 2996 582 3047 ab
603 2997 706 3048 exteris
718 2997 811 3063 posita
823 3002 866 3047 est
879 2997 982 3048 Romae
1034 2995 1131 3048 ieram.
1167 2996 1238 3048 Ante
1249 3009 1345 3045 amnes
1357 3000 1448 3046 autem
1459 2995 1486 3044 in
1498 2995 1685 3047 admiratione
1696 2995 1751 3047 iuit
1762 2996 1837 3049 Solis

182 3067 213 3119 a.
226 3065 305 3119 delio
317 3064 430 3117 tribuno
443 3065 538 3131 plebis,
550 3065 613 3131 iege
624 3067 734 3131 perlata
745 3070 771 3118 in
783 3067 908 3117 Stenium
920 3066 983 3116 Sta·
1036 3063 1163 3116 colossos
1173 3063 1274 3127 lihodi,
1294 3078 1375 3131 quem
1395 3062 1502 3116 fecerat
1513 3060 1615 3116 Chares
1627 3064 1755 3128 Lindius,
1777 3064 1835 3135 Ly·

127 3138 132 3143 '
180 3134 273 3187 tilium
286 3133 439 3196 Lucanum,
461 3130 660 3202 quiThurinoe
671 3137 716 3186 bis
729 3134 924 3186 infestaverat:
947 3135 982 3186 nb
1035 3134 1108 3201 sippi
1121 3148 1207 3199 supra
1219 3132 1460 3200 dictidiscipuius.
1482 3132 1669 3202 Septuaginta
1681 3136 1837 3189 cubitorum

180 3204 329 3257 iddalium
341 3202 460 3255 'l'irurini
480 3209 575 3255 statua
596 3210 624 3256 et
647 3218 751 3255 corona
767 3218 852 3256 aurea
865 3203 983 3256 donave—
1035 3202 1195 3255 altitudinis
1215 3201 1280 3254 fuit.
1319 3204 1380 3253 linc
1400 3201 1576 3253 simulacrum
1593 3208 1656 3270 post
1668 3204 1838 3272 quinquage-

180 3280 254 3326 ruat.
291 3272 379 3325 iidem
390 3280 490 3340 postea
500 3272 656 3325 Fabricium
669 3273 809 3326 donavere
821 3280 928 3335 statua,
947 3274 981 3324 li·
1036 3275 1562 3325 eimumsextumannumtcrroemotu
1579 3278 1766 3338 prostratum,
1786 3272 1838 3325 setl

181 3343 273 3396 bereti
281 3341 438 3395 obsidione.
465 3342 626 3409 l'assimque
637 3352 735 3409 gentes
745 3344 774 3394 in
786 3342 931 3395 clientelas
941 3343 984 3394 ita
1035 3344 1130 3394 iacens
1141 3355 1251 3411 quoqne
1261 3341 1396 3392 miraculo
1407 3347 1458 3394 est.
1470 3340 1554 3391 Pauci
1562 3340 1692 3407 pollicem
1707 3343 1767 3392 eius
1778 3357 1836 3392 am·

180 3419 327 3480 receptae:
340 3411 413 3464 adeo
425 3409 573 3462 discrimen
585 3411 984 3475 omnesubiatum,atllunni·
1037 3412 1205 3479 plectuntur.
1241 3409 1364 3463 Maiores
1385 3417 1450 3460 sunt
1469 3409 1560 3476 digiti,
1583 3423 1665 3476 quam
1684 3410 1838 3530 pleraeque

181 3481 353 3537 balisetiam
363 3488 474 3532 matuac
485 3481 574 3532 tribas
585 3482 654 3532 iocis
664 3481 793 3533 visumar
802 3483 830 3532 in
843 3483 925 3544 Urbe,
936 3494 984 3531 ca-
1036 3486 1157 3532 statnae.
1183 3481 1262 3533 Vasti
1272 3494 1370 3546 specus
1380 3476 1458 3531 hiant
1468 3477 1602 3530 defractis
1612 3493 1682 3531 mem
1704 3479 1753 3533 ris.
1773 3478 1839 3545 Spe·

180 3550 225 3601 ias
236 3551 312 3601 intra
323 3564 417 3600 muros
427 3550 503 3600 solus
516 3549 636 3600 hostium
648 3552 741 3602 emisit
751 3550 869 3603 hastam.
1037 3556 1147 3601 ciantur
1166 3550 1244 3600 intus
1264 3564 1382 3617 magnae
1394 3547 1476 3600 molis
1487 3562 1564 3610 saxa,
1586 3561 1702 3615 quorum
1714 3546 1837 3615 pondere

216 3619 290 3672 xvi.
309 3618 512 3670 Fuisseautem
524 3618 690 3671 statuariam
711 3630 802 3672 artem
817 3619 982 3672 familiarem
1035 3619 1215 3670 stabiliverat
1235 3620 1416 3673 constituens.
1452 3614 1609 3667 Duodecim
1631 3615 1840 3667 annistradunt

182 3688 284 3741 ltaliae
304 3703 416 3755 quoque
438 3694 469 3740 et
482 3693 630 3750 vetustam,
650 3688 783 3751 indicant,
803 3690 938 3741 llercuies
948 3688 983 3738 ab
1038 3684 1167 3739 effectam
1175 3688 1241 3739 000
1253 3685 1376 3748 talentis,
1387 3700 1457 3751 quae
1467 3685 1644 3736 contulerant
1655 3700 1690 3737 ex
1701 3691 1839 3753 apparatu

181 3754 314 3808 Etandoo
322 3762 464 3821 sacratus,
484 3764 516 3809 ut
526 3756 656 3825 produnt,
678 3759 707 3809 in
720 3759 793 3810 Foro
803 3760 912 3821 boaria
934 3760 980 3824 qui
1036 3757 1112 3825 regis
1123 3756 1259 3806 Demetrii
1270 3755 1379 3816 relicto,
1395 3769 1491 3806 morae
1503 3753 1605 3806 toedio.
1643 3754 1712 3807 Sunt
1724 3755 1775 3808 aiii
1786 3757 1838 3806 mi·

181 3824 357 3893 triumphalis
379 3835 504 3890 tacetur,
520 3836 604 3895 atque
623 3841 672 3895 per
691 3827 845 3895 triumphos
865 3828 984 3879 vestitur
1037 3841 1120 3878 nores
1130 3823 1184 3876 boc
1195 3824 1221 3874 in
1233 3823 1329 3875 eadem
1342 3822 1409 3875 urbe
1416 3823 1519 3875 colossi
1527 3832 1637 3875 centum
1648 3840 1777 3877 numero:
1789 3822 1840 3876 sed

66 3938 75 3951 ,
182 3893 468 3963 habitatriumplroli.
505 3896 984 3965 PraetereelanosgeminasaNu·
1037 3894 1192 3959 ubicunque
1204 3892 1309 3961 singuli
1320 3892 1449 3955 fuissent,
1459 3891 1633 3944 nobilitaturi
1645 3894 1744 3944 locum.
1757 3893 1839 3944 Prae·

183 3979 230 4016 ma
240 3980 304 4034 rege
314 3967 432 4027 dicatus,
453 3967 502 4032 qui
514 3967 590 4032 pacis
606 3965 729 4033 bellique
739 3972 904 4034 argumento
916 3965 984 4017 coli·
1037 3972 1133 4031 terque
1145 3961 1196 4012 bns
1208 3963 1323 4015 deorum
1334 3962 1464 4029 quinque,
1476 3977 1545 4028 quos
1557 3962 1623 4012 iecit
1635 3961 1764 4027 Bryaxis.
1784 3960 1837 4021 Fa,-

182 4041 238 4096 tur,
249 4034 346 4101 digitis
357 4035 399 4085 ita
410 4035 546 4100 figuratis,
562 4041 593 4085 ut
603 4040 790 4086 trecentorum
801 4035 984 4101 quinquogln·
1038 4032 1147 4085 etitarit
1163 4031 1289 4083 colossos
1301 4036 1328 4083 et
1340 4030 1430 4081 italia.
1467 4030 1601 4083 Videmus
1614 4038 1689 4080 certe
1701 4028 1837 4078 ‘laecani-

183 4113 214 4156 ts
234 4105 354 4171 quiaque
374 4103 482 4153 dierum
505 4109 581 4162 nota,
602 4116 652 4167 per
666 4103 984 4169 significationemanni,
1037 4116 1098 4154 cum
1109 4100 1264 4164 Apollinem
1277 4101 1304 4150 in
1321 4096 1492 4149 bibliotheca
1503 4098 1599 4162 templi
1611 4097 1741 4162 Augusti,
1762 4096 1840 4161 quin·

184 4173 320 4239 temporis
330 4175 359 4223 ei
374 4171 438 4222 aeni
453 4185 483 4222 se
494 4170 576 4221 deum
596 4169 742 4221 indicaret.
780 4168 864 4234 Signa
875 4184 984 4235 qunque
1038 4167 1172 4237 quaginta
1182 4167 1281 4234 pedum
1293 4182 1310 4218 e
1321 4164 1552 4233 pollice,dubium
1562 4163 1839 4225 aeremirabiliorem,

185 4240 340 4296 'fusmniea
352 4253 403 4305 per
412 4247 502 4290 terrae
514 4239 647 4303 dispersa,
658 4238 768 4302 quaein
778 4238 892 4289 Etruria
901 4237 984 4287 larti-
1039 4253 1073 4288 an
1085 4234 1303 4302 pulchritudine.
1340 4234 1419 4285 Fecit
1431 4239 1459 4284 et
1471 4232 1518 4298 Sp.
1529 4232 1669 4283 Carvilius
1681 4233 1781 4293 iurem,
1792 4234 1839 4299 qui

181 4319 247 4364 tais
265 4324 320 4359 ntrn
343 4315 386 4359 est
403 4306 525 4361 dubium.
561 4307 685 4358 Deorum
696 4313 803 4358 tontum
814 4312 941 4372 putarem
953 4320 986 4357 ea
1040 4311 1083 4358 est
1095 4305 1123 4356 in
1135 4305 1290 4370 Capitolio,
1315 4302 1397 4354 victis
1409 4300 1578 4353 Samnitibus
1590 4308 1702 4352 saerata
1713 4300 1774 4369 lege
1787 4314 1837 4367 pu-

181 4380 281 4439 laisse,
294 4377 322 4427 ni
331 4376 512 4429 Metrodorum
523 4376 660 4443 Scepsius,
676 4379 719 4427 cui
731 4390 887 4442 cognomen
898 4390 916 4425 a
930 4375 985 4425 Ro·
1038 4372 1222 4442 gnantibus,e
1234 4371 1423 4439 pectoralibus
1436 4373 1690 4436 eorum,0creisquc
1701 4378 1731 4421 et
1740 4369 1839 4439 galeis.

181 4447 260 4502 mani
280 4446 400 4497 nominis
422 4448 488 4498 odia
504 4446 624 4498 inditum
635 4451 688 4507 est,
708 4452 822 4512 propter
833 4445 888 4495 duo
897 4443 987 4495 miliia
1038 4441 1199 4509 Amplitudo
1220 4446 1299 4494 tanta
1312 4448 1367 4502 ast,
1388 4446 1419 4491 ut
1430 4440 1618 4507 conspiciatur
1630 4455 1647 4490 a
1658 4439 1784 4491 Latiario
1796 4440 1838 4492 lo·

181 4524 341 4571 statuarum
355 4515 497 4567 Volsinios
508 4525 683 4581 expugnatos
695 4515 839 4566 obiiceret.
872 4514 986 4565 Mirum·
1039 4530 1082 4565 re.
1099 4510 1234 4579 Reliquiie
1244 4511 1329 4562 limae
1340 4525 1419 4561 suam
1429 4514 1551 4559 statuam
1563 4509 1636 4570 iecit,
1647 4523 1718 4576 quae
1731 4515 1774 4560 est
1785 4524 1834 4560 au-

184 4585 986 4657 quemibiridetur,eumstatuarunrerigotemvetusia
1039 4590 1068 4636 te
1080 4582 1164 4649 pedes
1174 4580 1317 4632 simulacri
1328 4582 1397 4633 eius.
1426 4579 1539 4631 liabent
1550 4579 1578 4629 in
1590 4578 1687 4630 eodem
1699 4578 1838 4646 Capitolio

184 4658 269 4715 ltalia
278 4657 422 4724 malignes
432 4655 528 4722 potius
538 4662 587 4706 eut
597 4654 698 4705 ilctiiia
707 4653 823 4705 deorum
835 4653 987 4705 simulacra
1039 4651 1253 4705 admirationem
1266 4654 1294 4702 et
1307 4652 1399 4716 capita
1409 4648 1480 4709 duo,
1502 4663 1571 4715 quae
1583 4646 1612 4698 l'.
1627 4648 1761 4700 Lentulus
1772 4663 1837 4699 con·

185 4727 350 4781 indoluistis
362 4725 466 4787 dicato,
487 4739 572 4791 usque
594 4724 628 4775 ed
641 4722 777 4777 deuictam
789 4724 893 4786 Asiam,
913 4723 987 4776 unde
1040 4721 1083 4774 sul
1095 4720 1213 4772 dicarit:
1234 4720 1353 4771 aiterum
1364 4733 1381 4769 a
1394 4717 1512 4771 Charete
1532 4730 1615 4783 supra
1631 4714 1704 4769 dicto
1716 4716 1839 4769 lactum-e

185 4797 305 4849 laxatio.
341 4795 547 4847 Similitudines
558 4793 733 4859 exprimendi
744 4807 816 4859 quae
826 4794 916 4858 prima
926 4793 986 4844 iue-
1040 4791 1159 4844 alterum
1182 4789 1248 4841 iecit
1260 4787 1375 4850 Decius,
1395 4787 1603 4854 comparatione
1625 4789 1652 4840 in
1667 4794 1774 4839 tantum
1795 4789 1838 4837 ri·

186 4868 228 4920 rit
238 4868 326 4933 origo,
348 4866 376 4916 in
398 4880 432 4919 ea
448 4880 529 4932 qaam
542 4863 678 4932 plasticen
689 4863 790 4914 Graeci
802 4868 911 4924 rocam,
931 4860 988 4912 dici
1041 4868 1111 4923 ctus,
1133 4865 1165 4910 ut
1185 4858 1334 4911 artiiieium
1354 4857 1468 4909 minime
1489 4856 1644 4925 probabilis
1664 4857 1781 4910 artiiicis
1801 4856 1840 4906 ni·

187 4936 397 4991 convenientius
421 4935 487 4987 erit:
510 4935 611 4985 etenim
633 4933 719 5000 prior,
741 4946 821 4999 quom
842 4931 988 4994 statuaria,
1042 4928 1150 4982 deutur.

187 5005 252 5057 fuit.
288 5001 342 5058 Sed
354 5003 470 5056 inaecad
487 5003 625 5054 inlinitum
635 5002 758 5054 effloruit
775 4999 926 5052 multorum
938 5014 986 5052 ro·
1077 4996 1179 5049 Veram
1192 5010 1301 5050 ornnem
1312 4994 1524 5063 amplitudinem
1546 5002 1701 5049 statuarum
1721 4996 1779 5048 cius
1790 4974 1838 5061 ge·

186 5074 324 5126 lurninurn
335 5088 428 5139 opere,
449 5074 546 5140 siquis
557 5072 639 5138 plura
651 5070 781 5138 persequi
790 5070 874 5122 velit:
894 5070 988 5123 omnia
1041 5068 1118 5119 neris
1130 5065 1198 5117 eicit
1209 5072 1303 5118 aetate
1315 5075 1410 5117 nostra
1422 5065 1595 5129 zenodorus,
1605 5066 1748 5118 Mercurio
1760 5062 1838 5114 lacto

188 5142 513 5263 ”iililiiimiri'iiiiirimri
524 5210 670 5263 aedilitate
681 5210 738 5261 tria
749 5208 836 5260 millia
845 5211 986 5274 signorum
1040 5130 1786 5273 iiiaiiiliigirititieiliiiitinrniiimriiiiiiiiitiiislicisctoqlirarii
1793 5130 1839 5279 sci-⁸

187 5283 218 5333 in
229 5296 313 5333 scena
324 5278 823 5345 mutunrfoeretenpnrnnotheatro.
835 5278 987 5329 Mummius
1040 5277 1078 5327 tis
1088 5275 1128 5326 ibi
1138 5282 1228 5326 artem
1239 5275 1452 5340 approbaverat,
1460 5276 1573 5327 iiomam
1585 5273 1690 5325 accitus
1703 5276 1746 5320 est
1757 5281 1775 5316 a
1784 5266 1840 5318 lie·

188 5347 409 5405 darietsdeinaia
420 5347 660 5415 replevitllrbem:
672 5349 732 5414 ipse
743 5347 865 5400 excessit
875 5360 930 5398 non
942 5361 986 5398 re·
1040 5360 1117 5406 rone,
1128 5343 1176 5395 ubi
1188 5344 1354 5395 destinatum
1367 5342 1444 5393 iilius
1455 5344 1587 5410 principis
1598 5339 1786 5396 simulacrum,
1794 5349 1840 5386 cn·

188 5420 309 5473 licturus
320 5416 396 5466 illine
407 5414 502 5464 dotem
542 5416 597 5446 ¹¹⁶·
608 5417 679 5448 ὦ*
691 5432 744 5467 oon
755 5430 815 5468 cum
827 5416 986 5468 exensntio-
1040 5417 1147 5468 lessam
1160 5412 1237 5475 iecit,
1248 5414 1296 5465 cx
1306 5412 1406 5479 pedum
1418 5412 1601 5478 longitudine,
1613 5409 1660 5475 qui
1671 5407 1780 5457 dicatus
1791 5402 1840 5456 So-

187 5504 223 5541 ne
241 5483 381 5554 ponsmrl
412 5483 472 5533 Mol
758 5500 848 5537 erere.
893 5482 988 5537 atoni
1040 5485 1076 5536 lie
1087 5482 1260 5538 venerationi
1271 5489 1323 5545 cst,
1340 5482 1478 5533 damnatis
1490 5480 1640 5532 sceleribus
1650 5474 1727 5527 iliius
1739 5474 1840 5539 princi·

189 5559 342 5611 etiamnum
365 5553 422 5604 trio
440 5568 454 5604 r
791 5554 933 5607 ‘'“ienns
945 5563 989 5607 ter
1042 5556 1094 5622 pis.
1130 5552 1306 5605 Mirabamur
1317 5551 1345 5602 in
1357 5550 1468 5602 oiiicino
1487 5563 1541 5598 non
1552 5546 1634 5596 modo
1646 5557 1680 5595 ex
1692 5543 1839 5611 argillosi-

189 5626 287 5681 ΝΜ
306 5621 444 5694 imiimi*
891 5626 988 5694 opine,
1041 5622 1230 5680 militudinem
1240 5622 1387 5692 insignem,
1398 5632 1491 5675 terum
1504 5623 1576 5670 etex
1587 5612 1681 5683 parnis
1691 5610 1840 5668 admodum

1036 2862 1179 2925 istamque
1198 2854 1343 2917 moliendi,
1365 2871 1419 2906 non
1434 2855 1530 2923 attigit
1542 2871 1604 2906 euni
1616 2856 1719 2908 Fabius
1731 2856 1836 2910 Verru·
1934 2906 1945 2919 ,
1990 2886 1996 2893 ·
