4340 6018
305 315 338 375 C.
372 310 528 376 PLlNll
564 308 769 373 saeuum
802 312 971 377 NATUR.
1004 310 1193 376 Hieron.
1238 308 1328 374 Lib.
1351 312 1413 374 lX.
1443 313 1686 382 cereo-rt.
1770 327 1826 390 tir

165 464 287 522 nitentia
294 461 350 516 boc
358 462 477 531 primurn
488 462 857 526 mentemmentdm
866 467 974 515 mutan·

165 545 195 591 te
207 533 280 604 quod
292 533 460 586 damnabat:
481 534 548 586 inde
566 534 642 586 ratio
661 540 738 596 nata,
758 540 974 600 votumquoque

167 606 274 660 facturn
291 605 387 655 aritio
407 605 579 670 portentosis
598 603 728 671 ingeniis,
750 610 779 656 et
798 604 910 671 gemina
930 602 974 655 de-

168 678 327 729 monstrata
344 674 394 724 via
412 673 551 735 luxuriae,
571 680 604 725 ut
621 674 702 726 color
719 673 793 725 alius
813 673 973 739 operiretur

168 747 235 806 alie,
245 743 363 795 auarior
372 745 415 794 ita
427 742 489 793 fieri
499 742 645 809 leniorque
655 745 757 795 dietus.
792 744 866 806 Quin
876 748 905 795 et
916 748 972 794 ter-

167 829 235 869 rena
247 815 373 875 miscere,
384 827 522 880 coccoque
533 813 648 865 tinctum
655 812 744 880 Tyrio
756 813 875 878 tingere,
886 818 918 863 ut
927 812 975 864 fie-

166 892 210 939 ret
220 882 381 952 hysginum.
416 882 538 934 Coccum
550 882 681 934 Galatiae
692 883 794 934 rubens
805 896 931 950 granum,
943 888 975 932 ut

166 956 292 1006 dicemus
300 952 330 1003 in
341 952 529 1013 terrestribus,
549 959 598 1003 aut
607 953 682 1004 circa
692 953 846 1004 Emeritam
857 951 973 1003 Lusita-

166 1025 240 1087 niae,
259 1023 290 1076 in
308 1023 431 1074 maxime
450 1021 534 1073 laude
555 1028 607 1074 cst.
644 1022 747 1074 Verum
758 1021 883 1073 utsimul
896 1035 974 1088 pera·

167 1102 272 1164 gantm
291 1092 399 1144 nobilia
410 1091 561 1158 pigmenta,
581 1090 712 1142 anniculo
723 1090 974 1158 granolangnidus

167 1178 284 1217 succus:
303 1162 378 1214 idem
390 1175 408 1211 a
418 1161 562 1229 quadrimo
574 1161 717 1213 evanidus.
752 1161 796 1211 lta
807 1176 857 1212 uec
866 1161 974 1213 recenti

166 1236 252 1297 vires,
274 1245 364 1299 neque
374 1231 539 1282 senescenti
576 1230 690 1285 Abunde
702 1236 823 1283 tractata
834 1237 877 1283 est
889 1230 973 1295 ratio,

167 1319 223 1372 qua
242 1317 274 1355 se
295 1302 419 1354 virerum
438 1301 518 1352 iuxta
534 1299 758 1370 feminarumque
775 1301 867 1354 forma
882 1298 974 1353 credit

169 1371 369 1442 amplissimam
382 1370 453 1422 lieri.

203 1440 304 1495 LXVl.
323 1440 496 1492 concharum
513 1442 624 1507 generis
642 1448 671 1491 et
685 1442 831 1507 pinnaest.
875 1438 972 1491 Nasci·

168 1512 252 1564 turin
264 1510 373 1562 limosis
384 1511 517 1560 subrecta
527 1524 646 1575 semper,
661 1525 713 1561 nce
725 1524 845 1577 unquam
858 1512 919 1562 sine
929 1522 973 1560 oo·

167 1581 246 1636 mite.
257 1594 337 1647 quern
350 1579 524 1646 pinneterenr
536 1586 646 1641 uocant,
668 1579 716 1630 alii
729 1575 972 1645 pinnoplrylacem.

168 1653 197 1705 la
208 1656 253 1703 eat
264 1648 368 1717 squilla
382 1662 485 1715 parua:
505 1647 574 1701 alibi
598 1664 697 1701 cancer
712 1648 791 1715 dapis
809 1652 972 1700 mseetator.

168 1718 273 1773 Pendit
284 1734 313 1770 se
333 1718 425 1784 pinna,
446 1718 597 1770 luminibus
614 1718 713 1770 orbum
724 1732 826 1784 corpus
837 1717 913 1769 intus
923 1717 974 1768 mi-

169 1790 248 1841 nutis
259 1788 381 1854 piscibus
392 1787 536 1853 praebens.
572 1788 718 1840 Assultant
728 1788 773 1840 illi
785 1788 922 1854 protinus,
945 1793 974 1840 et

168 1859 217 1911 ubi
229 1857 340 1909 lieentia
351 1857 470 1908 audacia
481 1857 578 1920 crevit,
590 1856 707 1926 implent
720 1872 792 1910 eane.
827 1858 890 1910 iloc
900 1864 972 1910 tem·

167 1942 221 1997 pus
240 1926 401 1994 speculatus
422 1926 513 1988 index,
536 1940 631 1979 morsu
653 1928 709 1981 leri
732 1926 884 1995 significat.
920 1926 974 1980 illa

169 2011 340 2064 compressu,
360 1995 495 2065 quidquid
506 1997 627 2062 inclusit,
643 1999 797 2060 exanimat,
809 2002 974 2065 partemque

169 2066 244 2120 seeiu
256 2066 364 2118 tribuit.

203 2134 316 2189 varr.
336 2134 500 2204 Quomagis
520 2136 616 2197 miror,
637 2134 774 2203 quosdam
789 2134 974 2199 existimasse,

169 2205 341 2273 aquatilibus
361 2206 466 2257 nubum
483 2206 577 2259 inesse
592 2220 713 2259 sensum.
749 2207 835 2260 Novit
854 2205 973 2274 torpedo

169 2277 224 2327 nim
235 2291 323 2338 suam,
333 2276 395 2343 ipsa
405 2291 460 2327 non
471 2283 598 2344 torpens:
610 2290 757 2344 mersaque
768 2277 796 2329 in
807 2276 876 2329 limo
887 2291 919 2329 se
929 2290 973 2327 oe

169 2345 267 2408 euitat,
279 2347 395 2411 piscium
406 2346 454 2412 qui
465 2347 557 2398 securi
566 2351 782 2413 supernatantes
794 2346 861 2398 obto
897 2361 974 2407 uere,

170 2415 333 2482 corripiens.
361 2416 456 2467 liuius
465 2416 555 2468 iecori
568 2416 702 2469 teneritas
719 2417 796 2468 nulla
807 2431 873 2485 prae
887 2422 972 2469 ertur.

168 2483 226 2536 Nec
234 2485 327 2535 minor
336 2485 454 2537 solertia
464 2500 558 2547 ranae,
574 2500 645 2551 quae
657 2486 685 2535 in
696 2488 769 2539 mari
778 2486 915 2554 piscatrix
926 2500 973 2536 ro·

169 2559 257 2606 catur.
295 2553 454 2604 Eminentia
465 2556 515 2604 sub
527 2554 615 2605 oculis
629 2554 773 2606 cornicula
782 2558 896 2607 turbato
906 2556 973 2606 limo

168 2624 284 2682 exserit,
295 2621 465 2671 assultantes
475 2621 625 2686 pisciculos
641 2621 794 2685 attrahens,
815 2624 905 2675 donec
915 2632 973 2674 tani

167 2704 257 2807 proqe
268 2688 411 2748 accedant,
422 2697 454 2738 ut
465 2688 583 2740 assiliat.
620 2688 713 2740 Sirinili
733 2692 817 2743 niodo
834 2692 974 2761 squatina,

166 2764 225 2810 atr
247 2757 354 2817 ombus,
375 2756 464 2808 abditi
484 2759 584 2824 pinnas
606 2765 732 2811 exsertas
752 2770 867 2814 movent
881 2762 973 2828 specie

108 2860 112 2865 -
164 2824 399 2879 vermiculorum:
421 2826 545 2891 itemque
557 2841 627 2893 quae
639 2834 775 2880 vocantur
785 2831 874 2883 raiae.
902 2829 972 2881 Nam

164 2894 318 2964 pastinaca
328 2893 513 2945 latrocinatur
525 2908 559 2947 ex
570 2896 692 2956 occuito,
704 2902 882 2949 transeuntes
894 2900 973 2950 radio

168 2962 255 3031 (quod
267 2963 354 3014 telum
365 2968 410 3014 est
421 2963 460 3023 ei)
473 2964 570 3031 figens.
598 2964 769 3028 Argumenta
780 2964 914 3018 solertiae
927 2965 973 3016 bn·

167 3034 223 3096 ius,
245 3030 320 3098 quod
338 3032 492 3083 tardissimi
514 3031 632 3097 piscium
655 3031 693 3095 bi,
714 3033 845 3099 mugilem
858 3035 973 3087 uelocis·

142 3141 149 3153 .
168 3103 269 3154 simum
282 3101 406 3153 omnium
417 3099 551 3154 habentes
560 3100 588 3150 in
600 3107 698 3155 ventre
708 3103 894 3168 reperiuntur.
908 3102 975 3156 Sco-

168 3170 321 3238 lopendree
331 3171 511 3224 terrestribus
526 3169 649 3233 similes,
668 3186 737 3238 quas
750 3172 912 3239 centipedes
925 3189 973 3223 ro-

170 3246 244 3304 eaut,
261 3239 342 3293 benno
354 3240 488 3293 devorato
501 3240 595 3292 omnia
606 3240 753 3294 interanea
764 3250 905 3304 eromunt,
925 3242 974 3293 do-

170 3325 222 3361 nec
242 3309 352 3362 hamum
372 3317 497 3377 egerant,
517 3310 616 3363 deinde
636 3311 790 3364 resorbeat.
827 3313 863 3363 At
873 3311 974 3378 rulpes

172 3380 306 3442 marinae,
327 3379 413 3431 simili
435 3382 464 3431 in
487 3381 610 3446 periculo
622 3380 747 3448 glutiunt
758 3380 876 3447 amplius
887 3395 975 3448 usque

173 3448 329 3500 adinfirme
346 3449 446 3513 lineae,
466 3464 537 3518 quae
548 3448 632 3501 facile
643 3449 822 3517 praerodant.
859 3451 974 3502 Cautius

172 3519 218 3585 qui
227 3518 319 3585 glanis
328 3528 463 3571 recator:
483 3518 835 3579 arcrsosnrordetbamos,
855 3534 905 3571 nec
927 3519 974 3571 de·

172 3593 259 3650 rorat,
280 3587 328 3639 sed
340 3602 404 3639 esca
414 3587 528 3655 spoliat.
565 3588 720 3641 Grassatnr
734 3591 817 3650 aries,
837 3596 869 3640 ut
891 3589 974 3641 latro.

171 3654 209 3706 Et
219 3672 292 3709 nunc
302 3657 483 3725 grandiorum
494 3658 605 3710 narium
617 3659 646 3710 in
658 3659 719 3711 salo
739 3658 872 3710 stantium
883 3659 975 3710 oecul-

171 3732 247 3776 tatus
257 3727 365 3790 umbre,
384 3728 498 3795 siquem
511 3727 593 3779 nandi
606 3728 735 3796 voluptas
746 3728 856 3788 inritet,
876 3742 973 3794 esspe-

170 3802 247 3846 ctat:
275 3810 348 3847 nune
367 3797 442 3848 elato
465 3803 544 3849 extra
565 3811 664 3864 aquarn
684 3799 784 3866 capite,
806 3797 974 3863 piscantium

171 3865 286 3931 cymbas
296 3865 467 3931 speculatur,
479 3868 659 3934 occultusque
670 3867 805 3921 adnatans
819 3868 929 3935 mergit.

204 3932 330 3987 vani.
348 3935 483 4003 Equidem
506 3942 535 3988 et
555 3936 599 3987 bis
610 3938 700 3989 inesse
714 3950 825 3989 sensum
843 3939 975 4002 arbitror,

171 4018 241 4069 quae
251 4018 343 4070 neque
353 4005 526 4066 animalium,
545 4021 634 4074 neque
646 4006 784 4069 fruticum,
800 4006 850 4058 sed
861 4008 973 4059 tertiam

170 4072 307 4139 quandam
319 4090 355 4127 ex
374 4082 492 4141 utroque
504 4083 630 4127 uenturam
642 4074 763 4128 habent:
784 4075 881 4126 urticis
902 4077 974 4137 dieo,

172 4149 200 4193 et
209 4143 345 4211 spongiis.
382 4144 493 4196 Urticae
505 4152 588 4198 numu
600 4150 747 4213 vagantur,
763 4152 903 4211 noctuque
915 4160 974 4195 nru-

172 4218 242 4262 tant.
278 4214 419 4267 Garamas
429 4213 537 4265 frondis
550 4213 593 4265 bis
605 4222 721 4266 natura:
734 4221 762 4268 et
772 4228 974 4267 carnerescun·

170 4288 228 4330 tur.
266 4281 315 4332 Vis
327 4284 433 4347 pruritu
445 4282 572 4349 mornas,
584 4283 737 4350 eademque
748 4298 819 4351 quae
831 4284 973 4335 terrestris

172 4348 291 4400 urticae.
326 4352 471 4404 contrabit
482 4366 550 4420 ergo
562 4369 592 4421 se
604 4368 687 4420 quarn
698 4355 818 4405 unanime
829 4354 931 4420 rigens,
943 4368 975 4404 ac

171 4423 356 4482 praenatante
375 4421 509 4487 pisciculo
530 4421 657 4474 frondem
669 4436 748 4473 suam
761 4424 878 4488 spargit,
898 4438 973 4474 com·

172 4486 351 4553 plectensque
372 4489 497 4543 devorat.
534 4490 609 4543 Alias
620 4492 756 4543 marcenti
766 4492 876 4553 similis,
897 4492 975 4543 etia·

171 4557 240 4606 stari
254 4570 285 4607 se
295 4570 378 4622 passa
390 4560 477 4613 fluctu
489 4560 573 4627 algae
582 4562 656 4621 viee,
668 4567 813 4612 contectos
825 4561 922 4626 pisces,
933 4568 974 4613 at-

169 4623 293 4693 trituque
305 4634 402 4691 petrae
412 4630 470 4681 scal
492 4637 570 4682 entes
581 4630 727 4698 pruritum,
741 4630 856 4682 invadit.
867 4630 974 4682 Eadem

170 4700 253 4745 noctu
265 4699 391 4761 pectines
404 4645 556 4751 arentinos
577 4700 727 4768 perquirit:
748 4699 813 4750 dum
830 4699 975 4752 admoveri

169 4762 223 4814 sibi
239 4779 351 4817 rnnnum
372 4767 467 4829 sentit,
490 4769 612 4829 colorem
633 4775 724 4821 mutat
741 4776 771 4820 et
792 4769 974 4821 contrabitur.

169 4832 259 4885 'lucta
268 4834 411 4888 uredinem
422 4838 518 4901 mittit,
538 4840 707 4906 paulumque
719 4839 742 4889 si
755 4838 809 4889 fuit
823 4838 974 4900 intervalli,

169 4899 361 4957 absconditur.
386 4907 443 4959 Ora
452 4909 480 4960 ei
489 4911 516 4959 in
529 4908 623 4961 radice
634 4924 695 4960 esse
706 4909 868 4960 traduntur:
879 4922 975 4962 excre-

168 4978 264 5024 menta
273 4988 323 5040 per
333 4990 441 5027 summa
451 4979 528 5029 tenui
540 4978 636 5029 fistula
646 4978 734 5030 reddi.

201 5040 303 5095 Lxrx.
324 5043 509 5113 spongiarum
522 5048 580 5099 tria
598 5062 704 5115 genera
715 5048 888 5115 accepimus:
907 5048 975 5115 spis·

167 5114 453 5178 sumaopreedurum
468 5122 498 5167 et
519 5130 657 5182 asperum,
677 5123 772 5185 tragos
792 5117 819 5169 id
839 5123 974 5169 rotatur:

167 5180 286 5245 spissum
298 5186 327 5233 ct
338 5184 460 5246 mollius,
469 5199 569 5236 noanon
578 5204 586 5235 r
596 5193 681 5239 tenue
689 5187 867 5254 densumque,
874 5201 908 5239 ex
919 5200 973 5254 quo

166 5249 471 5315 penicilli,Acbillcum.
480 5253 639 5306 Nascuntur
646 5270 742 5306 omnes
751 5257 781 5306 in
789 5256 888 5322 petris:
899 5257 976 5308 alun-

166 5320 349 5383 turooncbis,
369 5322 456 5388 pisce,
478 5323 555 5374 limo.
583 5323 975 5392 lutellectuminessebisap·

167 5394 256 5451 paret,
272 5390 339 5455 quia
347 5391 397 5442 ubi
407 5391 563 5446 avulsorem
573 5408 696 5455 sensere,
715 5400 875 5446 contractae
886 5395 975 5445 multo

166 5454 310 5509 difficilius
330 5460 542 5513 abstrabuntur.
576 5463 643 5517 Iino
662 5463 736 5515 idem
748 5461 834 5516 fluctu
845 5462 976 5528 pulsante

165 5519 283 5577 faciunt
319 5529 422 5583 Vivere
432 5544 507 5593 esea,
515 5530 668 5585 manifesto
681 5530 803 5586 conchae
814 5533 938 5585 minutae
946 5533 975 5584 in

164 5589 211 5646 bis
223 5604 356 5663 repertae
375 5599 537 5671 ostendunt.
572 5601 657 5654 cirea
670 5603 812 5655 Torouem
831 5602 976 5657 resuntis

1028 464 1141 517 arabas
1152 465 1238 518 etiarn
1250 464 1339 529 aiunt,
1345 472 1376 519 et
1385 480 1420 519 ex
1429 464 1534 519 relictis
1544 467 1686 524 radicibus
1695 487 1833 531 remeses.

1028 548 1068 586 re.
1098 534 1129 585 in
1141 535 1228 600 petris
1241 535 1347 587 cruoris
1357 550 1467 604 quoque
1481 536 1610 590 inhaeret
1620 542 1709 605 color,
1728 544 1833 600 Africis

1029 603 1189 670 praecipue,
1210 617 1281 670 quae
1296 605 1504 672 generanturio
1516 605 1655 674 Syrtibus.
1691 612 1832 669 Maximae

1028 674 1097 724 flunt
1108 686 1215 735 manae,
1227 673 1275 725 sed
1287 674 1477 735 mollissimae,
1488 676 1562 728 circa
1573 676 1699 746 Lyciam.
1728 684 1759 734 ln
1770 699 1833 750 pro·

1027 742 1115 794 fundo
1126 748 1230 805 euteru,
1240 757 1291 793 nec
1301 750 1427 805 ventoso,
1437 744 1588 799 molliores.
1608 749 1637 800 ln
1646 750 1833 819 Hellesponto
1877 782 1879 787 ·

1028 825 1155 879 asperae,
1165 818 1195 864 et
1206 811 1310 864 densae
1321 812 1397 865 circa
1407 813 1538 869 Maleam.
1557 815 1833 890 Putrescuntinapri·

1029 882 1070 934 cis
1087 881 1176 933 locis:
1197 879 1264 932 ideo
1281 881 1402 947 optimae
1418 883 1447 933 in
1466 884 1630 952 gurgitibus.
1666 889 1832 945 virentibus

1028 951 1103 1004 idem
1114 951 1162 1019 qui
1180 949 1368 1012 madentibus,
1388 951 1529 1019 nigricans
1547 956 1635 1009 color.
1673 957 1834 1015 Adhaereut

1028 1036 1080 1073 nec
1100 1027 1190 1087 parte,
1212 1034 1262 1073 nec
1273 1025 1368 1072 totae:
1387 1020 1527 1074 intersunt
1538 1026 1611 1077 eninr
1623 1022 1833 1097 fistulae'quae·

1028 1090 1093 1142 dam
1102 1091 1210 1154 inanes,
1219 1095 1372 1156 quaternae
1382 1087 1496 1149 fereaut
1505 1093 1747 1166 qnineeperquas
1756 1102 1834 1167 pasci

1028 1160 1233 1213 existimantur.
1270 1159 1340 1212 Sunt
1352 1167 1380 1211 et
1389 1160 1473 1223 aliae,
1484 1161 1533 1212 sed
1544 1178 1664 1230 superne
1675 1176 1851 1224 concretae.⁴

1028 1231 1066 1282 Et
1075 1231 1189 1284 subesse
1200 1230 1363 1282 membrana
1373 1229 1508 1297 quaedam
1523 1231 1665 1287 radicibus
1685 1252 1780 1290 earum
1793 1241 1832 1291 in-

1026 1298 1175 1367 telligitur.
1194 1298 1296 1352 Vivere
1307 1305 1417 1352 constat
1429 1299 1513 1367 longo
1524 1306 1659 1368 tempore.
1679 1306 1833 1361 Pessimum

1028 1371 1152 1421 omnium
1163 1384 1252 1437 genus
1263 1377 1306 1423 est
1322 1384 1433 1434 earum,
1456 1383 1527 1438 quae
1547 1370 1673 1438 aplysiae
1687 1384 1832 1442 vocantur,

1027 1438 1094 1506 quia
1111 1439 1169 1490 elui
1185 1452 1240 1490 non
1252 1448 1379 1506 possunt,
1399 1441 1427 1491 in
1440 1440 1540 1508 quibus
1550 1454 1670 1511 magnas
1680 1454 1746 1499 aaut
1756 1450 1832 1501 meu.

1026 1509 1081 1569 iae,
1092 1513 1122 1559 et
1133 1508 1242 1574 reliqua
1251 1508 1373 1561 densitas
1384 1510 1484 1576 spissa.

1061 1577 1150 1630 erX.
1169 1578 1362 1631 Caniculamm
1383 1581 1504 1633 araxime
1523 1582 1675 1635 multitudo
1692 1585 1766 1639 circa
1785 1601 1833 1640 eas

1028 1648 1176 1702 urinantes
1208 1652 1268 1700 reri
1279 1648 1401 1716 periculo
1413 1648 1538 1703 infestat.
1563 1651 1621 1718 ipsi
1632 1652 1734 1718 ferunt,
1746 1663 1774 1707 et
1784 1673 1833 1708 nu-

1026 1716 1091 1771 bem
1114 1663 1253 1785 quanffam
1275 1732 1448 1772 crassescere
1458 1732 1545 1787 super
1557 1724 1658 1788 capita,
1669 1724 1832 1777 animalium

1027 1787 1176 1855 planorum
1188 1790 1304 1856 piscium
1326 1789 1457 1852 similem,
1478 1797 1649 1859 prementem
1662 1807 1720 1856 eos,
1739 1809 1834 1848 aroen-

1026 1864 1140 1926 temque
1151 1873 1169 1910 a
1177 1858 1390 1925 reciprocando:
1402 1865 1432 1910 et
1442 1859 1477 1910 ob
1488 1859 1516 1910 id
1528 1860 1610 1913 stilos
1622 1869 1791 1929 praeacutos
1801 1863 1834 1920 ii·

1026 1928 1086 1982 neis
1098 1942 1223 1980 annexos
1234 1926 1419 1981 babereseser'
1430 1929 1496 1997 quie
1506 1930 1561 1981 nisi
1572 1931 1715 1997 perfossae
1723 1932 1771 1997 ita,
1779 1942 1835 1985 nob

1028 1998 1171 2051 recedant:
1182 1996 1311 2063 caliginis
1322 2005 1351 2049 et
1359 2000 1518 2065 pavoris,ut
1529 2000 1762 2069 arbitronopere.
1780 2003 1834 2056 Nu·

1026 2068 1090 2121 bem
1109 2069 1182 2120 enim
1199 2072 1228 2119 et
1244 2067 1373 2120 nebulum
1392 2068 1484 2131 (cuius
1505 2069 1771 2123 nomineidmalum
1784 2088 1832 2141 ep·

1028 2138 1147 2206 pellant)
1166 2138 1240 2189 inter
1255 2137 1388 2188 animalia
1407 2137 1483 2190 baud
1504 2137 1591 2191 ullam
1608 2142 1746 2208 comperit
1757 2145 1832 2210 quis·

1027 2223 1120 2330 elil:
1136 2206 1833 2352 ti.iliteinii⁰niitii¹nliti?“rt

1120 2313 1128 2340 ‚
1759 2319 1765 2333 ,
1823 2310 1833 2322 .

1027 2347 1071 2400 lus
1081 2362 1137 2399 una
1147 2348 1176 2398 in
1189 2346 1319 2399 adversas
1330 2347 1431 2410 eundi,
1442 2348 1572 2414 ultroque
1584 2351 1718 2404 terrendi.
1748 2350 1834 2406 Paret

1027 2420 1100 2469 enim
1126 2414 1265 2469 bonrinem
1284 2432 1372 2485 aeque
1392 2432 1426 2468 ac
1445 2424 1544 2469 terret.
1574 2418 1613 2471 Et
1630 2434 1691 2473 sors
1703 2423 1833 2489 aequaln

1027 2487 1151 2554 gurgite:
1162 2493 1194 2539 ut
1204 2486 1239 2538 ad
1249 2501 1358 2538 suurnra
1368 2500 1456 2552 aquae
1466 2491 1581 2538 ventum
1593 2496 1648 2550 est,
1672 2490 1712 2540 ibi
1725 2493 1833 2557 pericu·

1028 2557 1084 2606 iuni
1095 2569 1206 2621 anceps,
1218 2556 1331 2608 ademta
1343 2556 1453 2607 ratione
1465 2561 1563 2607 contre
1573 2557 1665 2620 eundi,
1676 2558 1741 2609 dum
1752 2574 1834 2612 cone·

1026 2632 1074 2676 tur
1088 2638 1248 2690 emergere:
1269 2629 1298 2674 et
1315 2622 1392 2675 salus
1405 2623 1494 2674 onmis
1505 2624 1534 2673 in
1556 2625 1654 2675 sociis:
1675 2626 1769 2678 funem
1790 2628 1834 2680 illi

1027 2692 1178 2758 religatum
1195 2692 1230 2743 ab
1243 2688 1367 2742 humeris
1379 2691 1437 2743 cius
1448 2689 1578 2743 trabunt:
1600 2691 1672 2745 bunc
1683 2694 1832 2760 dimicans,

1027 2769 1059 2813 ut
1068 2763 1105 2811 sit
1116 2761 1235 2827 periculi
1246 2760 1370 2829 signum,
1393 2760 1475 2812 laeva
1486 2760 1595 2827 quatit:
1619 2760 1719 2814 dextra
1731 2778 1831 2832 appre-

1027 2830 1115 2883 henso
1127 2830 1195 2880 stilo
1205 2830 1233 2880 in
1245 2842 1339 2896 pugna
1351 2835 1406 2881 est:
1429 2828 1557 2881 modicus
1568 2829 1640 2880 alias
1652 2836 1768 2885 tractus.
1796 2834 1832 2886 Ut

1026 2913 1113 2966 prope
1126 2898 1248 2950 carinam
1260 2904 1371 2949 rentum
1389 2905 1446 2961 est,
1467 2899 1520 2950 nisi
1533 2898 1688 2965 praeceleri
1699 2905 1726 2954 ri
1736 2918 1834 2970 repen·

1027 2976 1055 3020 te
1076 2968 1194 3034 rapiant,
1217 2968 1325 3019 absumi
1344 2972 1479 3035 spectant.
1509 2970 1547 3020 Ac
1566 2986 1651 3038 saepe
1662 2973 1717 3023 ianr
1730 2973 1831 3025 subdu-

1026 3037 1072 3098 cti,
1093 3051 1109 3088 e
1122 3037 1248 3088 manibus
1260 3037 1433 3098 auferuntur,
1453 3038 1477 3087 si
1490 3051 1544 3087 non
1555 3038 1728 3092 trahentium
1742 3058 1831 3109 opem,

1026 3106 1197 3173 conglobato
1219 3120 1336 3171 corpore
1357 3107 1385 3156 in
1397 3105 1473 3171 pilae
1484 3106 1597 3157 niodum
1618 3111 1679 3175 ipse
1691 3111 1832 3165 adiuvere.

1027 3174 1201 3227 Protendunt
1219 3173 1332 3255 quidem
1350 3174 1488 3227 tridentes
1498 3176 1566 3226 alii:
1589 3177 1640 3228 sed
1653 3187 1778 3232 monstro
1788 3195 1833 3233 so·

1027 3244 1113 3296 lertia
1123 3250 1167 3296 eat
1178 3242 1317 3309 narrgium
1337 3243 1484 3306 subeundi,
1506 3251 1589 3311 atque
1599 3247 1641 3298 ita
1653 3263 1668 3299 a
1678 3254 1740 3300 tuto
1753 3264 1833 3316 proe-

1027 3314 1123 3365 liandi.
1144 3312 1240 3364 Omnis
1253 3326 1320 3379 ergo
1331 3328 1398 3364 cura
1408 3311 1444 3364 ad
1457 3314 1653 3378 speculandum
1666 3315 1719 3368 hoc
1728 3320 1831 3370 malurn

1027 3384 1183 3434 insumitur.
1213 3382 1375 3433 Certissima
1394 3386 1437 3433 est
1457 3383 1595 3433 securitas
1615 3384 1719 3437 vidisse
1735 3385 1833 3452 planos

1028 3453 1136 3519 pisces:
1156 3452 1221 3518 quia
1241 3465 1379 3517 nunquam
1400 3456 1473 3512 sunt,
1494 3451 1696 3506 ubinraledcae
1709 3456 1831 3507 bestiae:

1028 3537 1084 3589 qua
1095 3520 1129 3573 dc
1140 3535 1225 3572 cansa
1236 3520 1380 3572 urinantes
1391 3534 1486 3571 sacros
1499 3521 1643 3588 appeliant
1654 3538 1711 3573 eos.

1062 3590 1161 3641 erlll.
1181 3589 1283 3641 Silices
1297 3595 1370 3640 testa
1384 3589 1499 3640 inclusis
1517 3590 1660 3642 fatendum
1672 3598 1716 3643 est
1726 3593 1831 3646 nullum

1027 3674 1089 3711 esse
1098 3673 1218 3720 sensum,
1228 3665 1260 3709 ut
1270 3659 1382 3709 ostreis.
1420 3657 1518 3710 Multis
1529 3661 1627 3711 ¹eadern
1639 3666 1748 3724 natura,
1760 3679 1832 3731 quae

1028 3727 1132 3791 frutici,
1145 3735 1177 3779 ut
1188 3725 1365 3791 hulothariis,
1377 3728 1563 3794 pulmonibus,
1575 3731 1677 3784 stellis.
1700 3732 1832 3801 Adeoque

1027 3797 1832 3867 nibilnongigniturinmari,utcauponnrumetiamaesti·

1026 3883 1063 3919 ru
1072 3868 1215 3929 animalia,
1234 3866 1341 3933 pernici
1353 3866 1473 3919 molesta
1484 3870 1568 3930 saltu,
1589 3875 1618 3921 et
1629 3885 1700 3938 quae
1712 3871 1832 3939 capillus

1026 3937 1148 3989 manime
1159 3935 1243 3997 celat,
1255 3939 1436 3998 exsistant,et
1447 3938 1669 4005 circumglobata
1680 3956 1761 3992 earne
1772 3956 1831 3994 see·

1027 4021 1062 4074 pe
1073 4004 1271 4059 extrahantur:
1293 4020 1364 4072 quac
1375 4020 1459 4057 causa
1469 4020 1595 4057 sonrnunr
1606 4009 1723 4073 piscium
1734 4011 1763 4059 in
1775 4025 1831 4061 ma·

1026 4079 1050 4126 ri
1067 4075 1198 4127 noctibus
1219 4074 1355 4127 infestare
1376 4076 1562 4127 existimatur.
1581 4076 1753 4135 Quibusdam
1765 4093 1831 4130 nero

1026 4146 1095 4212 ipsis
1105 4145 1294 4208 innascuntur,
1305 4160 1360 4211 quo
1370 4145 1398 4195 in
1410 4158 1525 4196 numero
1536 4142 1641 4195 chalcis
1652 4146 1798 4212 accipitur.

1061 4214 1176 4266 Lxxit.
1195 4213 1255 4266 Nec
1265 4227 1371 4265 nenena
1381 4221 1490 4265 cessant
1501 4213 1570 4272 dira,
1581 4220 1612 4264 ut
1622 4214 1649 4264 in
1662 4215 1771 4281 lepore:
1784 4217 1833 4282 qui

1026 4286 1055 4336 in
1068 4283 1161 4335 lndico
1174 4284 1340 4335 maniatium
1351 4289 1427 4334 tactu
1440 4282 1584 4348 pestilens,
1594 4283 1731 4335 vomitum
1744 4283 1832 4337 disso-

1028 4353 1217 4419 iutionenrqne
1228 4350 1364 4403 stomachi
1375 4352 1504 4419 protinus
1514 4357 1605 4403 creat:
1623 4352 1652 4403 in
1664 4353 1833 4408 nostro‘ofl'a

1027 4420 1165 4484 informis,
1187 4421 1282 4473 colore
1293 4427 1402 4472 tanturn
1414 4420 1616 4487 leporisimilis
1628 4441 1634 4473 :
1657 4425 1686 4475 in
1698 4425 1782 4488 lodis,
1803 4430 1833 4479 et

1026 4490 1227 4558 magnitudine,
1247 4496 1276 4542 ct
1287 4489 1354 4554 pilo,
1372 4489 1485 4541 duriore
1496 4496 1619 4543 tantum:
1642 4510 1692 4548 nec
1703 4496 1781 4548 virus
1792 4494 1832 4547 ibi
1921 4533 1926 4543 .

1027 4565 1143 4628 capitur.
1180 4561 1275 4626 Aeque
1286 4557 1451 4625 pestiferum
1462 4562 1566 4614 animal
1586 4578 1713 4628 araneus,
1733 4564 1830 4632 spinae

1027 4632 1055 4682 in
1066 4629 1150 4681 dorso
1162 4628 1259 4680 aculeo
1271 4628 1378 4679 noxius.
1395 4627 1448 4681 Sed
1461 4630 1565 4683 nullum
1578 4648 1692 4700 usquam
1705 4650 1831 4687 exsecra·

1026 4701 1121 4762 bilius,
1130 4713 1212 4766 quam
1223 4696 1420 4764 radius,super
1429 4700 1546 4752 caudam
1559 4703 1682 4755 eminens
1693 4705 1831 4774 trygonis,

1026 4784 1110 4837 quarn
1122 4767 1213 4821 nostri
1224 4767 1395 4834 pastinacam
1408 4770 1562 4835 appellant,
1575 4773 1761 4839 quincunciali
1771 4787 1830 4825 ma-

1027 4839 1181 4908 gnitudine.
1217 4837 1337 4890 Arbores
1358 4837 1461 4891 infixus
1471 4841 1560 4893 radici
1571 4849 1670 4895 necat:
1692 4858 1779 4904 ama,
1799 4847 1832 4893 ut

1027 4909 1124 4969 telum,
1134 4906 1262 4974 perforat
1273 4908 1301 4960 ri
1311 4908 1389 4973 ferri,
1400 4917 1429 4963 et
1439 4913 1539 4967 veneni
1552 4912 1636 4963 malo.

1061 4977 1187 5030 Lxxrii.
1205 4977 1322 5029 Morbos
1332 4982 1462 5033 universa
1471 4995 1574 5047 genera
1586 4982 1716 5047 piscium,
1735 4987 1767 5033 ut
1785 4995 1829 5032 ce·

1027 5054 1090 5100 tera
1099 5047 1233 5099 animalia
1243 5048 1327 5099 etiam
1339 5048 1408 5113 fera,
1420 5063 1475 5101 non
1487 5052 1636 5116 accipimus
1645 5051 1759 5103 sentire.
1777 5048 1830 5102 Vc

1028 5132 1088 5169 rum
1100 5124 1249 5185 aegrotare
1259 5117 1396 5185 singulos,
1408 5118 1584 5171 manifestum
1597 5119 1666 5171 facit
1675 5120 1830 5187 aliquorum

1028 5187 1141 5250 macies,
1161 5202 1224 5239 cunr
1245 5185 1274 5237 in
1293 5186 1391 5239 eodem
1407 5200 1510 5254 genera
1530 5191 1716 5259 praepingues
1727 5189 1778 5241 alii
1788 5203 1832 5240 ca·

1048 5258 1150 5308 iantur.
1410 5298 1418 5315 .

1028 5271 1189 5377 l'lriililf
1209 5326 1338 5388 Quanam
1354 5326 1437 5377 modo
1456 5332 1599 5393 generent,
1620 5324 1790 5380 desiderium
1802 5332 1831 5378 et

1029 5394 1177 5448 admiratio
1198 5394 1340 5448 hominurn
1354 5394 1462 5447 differri
1472 5410 1526 5448 non
1544 5397 1657 5463 patitur.
1684 5394 1778 5445 Pisces
1791 5401 1833 5445 at·

1028 5466 1097 5517 tritu
1107 5465 1245 5519 ventrium
1257 5467 1374 5526 cocum,
1385 5470 1466 5517 tanta
1476 5466 1623 5519 celeritate
1635 5470 1667 5513 ut
1678 5461 1765 5512 risum
1777 5461 1831 5514 fal·

1028 5535 1103 5587 lanta
1124 5534 1254 5601 delphini,
1266 5541 1296 5587 et
1307 5535 1414 5602 reliqua
1424 5540 1494 5597 cete,
1505 5534 1590 5586 simili
1603 5531 1695 5593 modo,
1707 5536 1735 5582 et
1746 5531 1832 5598 paulo

1029 5604 1144 5660 diutius.
1162 5604 1278 5657 Femina
1289 5601 1474 5722 pisciqchitus
1484 5610 1613 5672 tempore
1623 5615 1727 5655 marem
1739 5602 1832 5670 sequi·
