4330 6014
306 221 329 281 C
381 220 528 282 PblNll
569 222 774 285 SECUNDI
816 223 980 288 NATUR„
1022 229 1210 295 aistuli.
1253 230 1408 293 alell.
1453 235 1626 305 CAP‚ti.7.
1753 245 1794 303 39

149 373 239 439 iusque
258 369 389 434 lucentia,
411 378 593 427 annumerata
605 374 787 429 annalibus:
808 377 873 445 quia
887 391 940 429 nec

149 456 202 494 con
212 453 263 491 suo
274 455 399 510 quaeque
414 441 524 496 liumioe
543 451 605 496 orta
627 445 798 510 moriuntur,
818 461 869 498 nce
889 446 940 498 uli·

150 524 222 579 quem
233 509 383 577 exstingui,
396 511 514 564 daddus
523 514 689 583 significant.
718 514 780 567 Noa
790 521 871 567 tanta
880 530 940 568 cae·

149 579 309 633 insectatus
328 580 471 635 nobiscum
492 588 544 644 est,
566 590 597 633 ut
617 590 712 635 nemra
732 583 794 636 fato
814 583 941 636 nonnis

148 648 183 701 sit
191 648 228 699 ibi
239 661 351 715 queque
361 649 481 701 siderum
501 650 604 718 fulgor,
632 652 686 703 llla
708 654 795 704 nimio
806 653 939 705 alimento

148 717 222 770 tracti
233 714 358 767 humoris
379 718 461 785 ignea
470 721 499 771 vi
509 719 705 773 abundantiam
717 722 845 784 reddunt,
855 736 938 788 quum

147 785 440 839 deciderecrcduatnr:
462 800 493 839 ut
503 788 577 856 apud
586 805 637 842 nes
647 805 758 858 quoque
766 791 806 854 id,
827 791 938 842 lumini·

147 858 191 907 bus
208 858 341 918 accensis,
361 856 471 924 liquore
481 859 536 911 olei
547 864 674 910 nummus
686 859 823 912 accidere.
857 862 938 912 Cete-

146 940 199 976 rum
219 930 336 977 autema
355 934 399 977 cst
419 927 586 980 caelestibus
605 936 719 990 natura,
748 928 938 982 iirtesentibus

146 993 278 1057 nundum,
296 993 460 1063 intextuque
481 998 631 1049 concretis:
653 999 780 1064 potentia
798 1004 890 1050 autem
902 997 938 1049 ad

146 1072 423 1131 terram-magnopere
437 1080 532 1118 aarum
552 1067 708 1133 pertinens:
729 1081 800 1134 quae
823 1074 939 1135 propter

145 1132 264 1194 effectus,
275 1131 496 1202 claritatemque,
518 1142 547 1188 et
561 1136 789 1203 magnitudinem,
810 1135 838 1186 in
859 1142 939 1187 tanta

145 1202 295 1254 subtilitate
315 1203 393 1253 nosci
408 1211 568 1270 potuerunt,
587 1206 718 1256 sicutsuu
734 1205 938 1257 demonstrabi-

145 1286 199 1322 mus
217 1271 290 1322 loeo.
322 1272 493 1324 circulorum
516 1288 624 1340 quoque
642 1276 713 1326 caeli
724 1276 798 1326 ratio
807 1274 835 1324 in
847 1282 938 1325 terrae

144 1340 278 1392 mentione
300 1342 393 1407 aptius
403 1342 520 1406 dicetur,
540 1343 650 1409 quando
663 1344 697 1394 ad
708 1360 769 1395 eam
781 1350 843 1395 tota
853 1343 937 1408 perti-

144 1414 196 1462 net.
208 1407 341 1476 Signiferi
353 1413 435 1462 modo
448 1413 651 1463 inventionibus
662 1428 716 1464 oon
730 1412 838 1463 dilatis.
858 1412 937 1464 obii·

144 1479 273 1545 quitatem
285 1478 344 1530 cius
364 1480 542 1542 intellexisse,
555 1479 606 1532 hoc
618 1488 669 1544 est,
680 1496 770 1533 rerum
787 1480 862 1532 fores
872 1495 937 1546 ape·

142 1548 245 1608 ruisse,
277 1547 481 1602 Anaximander
509 1551 638 1602 Milesius
670 1551 793 1602 traditur
824 1550 937 1616 primus,

145 1615 308 1683 Olympiade
329 1618 555 1687 quinquagesima
564 1626 672 1671 octava.
704 1617 938 1687 Signadeindeia

143 1699 174 1736 so
184 1686 365 1747 Cleostratus,
377 1695 406 1738 ct
416 1689 505 1755 prium
514 1689 616 1739 Arietis
628 1704 661 1738 ac
673 1687 826 1755 Sagittarii.
836 1685 938 1753 Sphae-

143 1757 469 1822 rsmipsamaotamulto
491 1758 579 1809 Atlas.
611 1755 689 1808 Nunc
710 1758 811 1808 relicto
838 1755 934 1807 mundi

142 1823 223 1891 ipsios
234 1838 363 1891 corpore,
387 1826 496 1894 reliqua
514 1828 586 1879 iatcr
596 1825 703 1879 caelum
715 1833 861 1893 terrasque
878 1832 936 1877 tra·

143 1900 257 1946 nentur.

171 1963 313 2016 Summum
336 1980 405 2027 esse,
427 1964 501 2032 qued
511 1972 614 2018 vocant
624 1964 738 2018 Saturni
747 1962 834 2025 sidus,
856 1961 933 2016 idco·

141 2046 189 2100 qus
199 2034 344 2085 minimum
354 2034 452 2097 rideri,
473 2037 632 2087 etmuximo
652 2032 883 2094 ambirecirculo,
904 2045 938 2084 ue

140 2101 282 2169 trigesima
305 2119 376 2154 anno
398 2104 433 2155 ad
455 2104 620 2156 brerissima
639 2105 791 2157 sedissuae
803 2102 938 2171 principie

138 2173 254 2237 regredi,
268 2181 375 2224 eertum
385 2180 436 2225 est.
457 2175 586 2225 Omnium
596 2180 690 2226 autem
702 2175 854 2226 errantium
865 2171 938 2222 side·

137 2254 193 2291 rum
205 2249 325 2304 memus,
337 2243 464 2309 interque
474 2258 507 2296 aa
518 2242 592 2295 Sulis
602 2250 631 2295 st
642 2243 747 2303 bunun,
767 2240 936 2293 contrarium

137 2311 235 2361 mundo
256 2326 340 2377 agere
352 2327 470 2373 cursum,
491 2312 518 2363 id
531 2312 708 2375 malueram,
727 2311 778 2362 illu
789 2325 900 2375 semper
909 2310 937 2358 ia

137 2377 281 2430 dexteram
303 2380 458 2447 praecipiti.
490 2381 661 2447 thuasrrcis
684 2382 798 2431 assidua
819 2392 933 2430 convcr-

135 2447 211 2499 sioae
224 2450 374 2500 immensae
386 2449 540 2501 celeritatis
551 2450 717 2500 attolluntur
728 2451 762 2499 ab
773 2464 817 2509 eo,
825 2446 936 2512 rapian-

135 2523 234 2581 turque
246 2516 274 2565 in
287 2518 425 2579 bccasum,
438 2517 555 2567 odrcrao
567 2523 660 2568 tamea
671 2518 713 2567 ire
724 2522 800 2566 motu
810 2530 860 2580 per
870 2526 936 2563 suos

132 2598 259 2650 quaeque
270 2599 381 2650 passus:
400 2585 441 2634 itu
451 2584 521 2645 lieri,
542 2600 576 2635 ne
587 2586 751 2634 consulutus
761 2598 810 2634 uer
822 2581 938 2633 eandem

131 2653 157 2703 iu
168 2661 281 2720 partem
294 2659 408 2701 aeterna
417 2650 511 2702 mundi
520 2651 665 2718 vertigine,
676 2655 777 2716 ignaro
787 2650 872 2716 globo
884 2657 939 2697 ter·

130 2728 210 2787 pent,
236 2719 286 2768 sed
297 2718 425 2778 findatur,
446 2718 564 2771 adverso
576 2719 697 2769 siderum
709 2719 822 2770 verbere
834 2718 938 2768 discre-

130 2798 176 2839 tus
189 2792 223 2838 ct
245 2786 379 2851 digestus.
409 2788 522 2840 Saturni
542 2795 634 2839 autem
646 2788 723 2838 siclus
739 2787 848 2854 gelidae
859 2802 891 2836 ac
901 2785 937 2836 ri-

131 2858 230 2925 gentis
254 2871 315 2907 esse
326 2863 450 2918 naturae,
478 2857 621 2924 multoque
632 2872 666 2908 ex
679 2872 711 2907 co
722 2858 883 2908 inferiorem
896 2855 938 2905 le·

131 2926 172 2976 ris
181 2922 330 2985 circulum,
337 2930 365 2974 et
376 2925 438 2975 idco
451 2932 527 2976 nrotu
538 2924 667 2975 celeriori
678 2925 812 2976 duodenis
825 2927 938 2976 eircum-

136 2996 180 3060 agi
199 2994 292 3044 annis.
326 2993 452 3044 'l'ertium
465 2993 575 3054 Martis,
593 2993 667 3058 quod
679 2993 789 3059 quidam
801 2991 934 3044 llerculis

134 3069 243 3122 vomat,
265 3062 349 3127 ignei,
371 3060 495 3113 ardentis
506 3078 523 3112 a
533 3061 607 3113 Solis
617 3061 767 3124 vicinitate,
787 3062 860 3113 binis
876 3059 936 3112 fere

134 3133 210 3183 sanie
227 3132 364 3182 converti.
401 3129 522 3198 ideoque
538 3130 618 3181 huius
628 3131 835 3193 urdoreoimie,
857 3136 886 3181 et
896 3130 935 3181 ri·

136 3215 199 3268 gere
210 3195 335 3263 Saturni,
342 3199 516 3251 interiectum
529 3200 671 3261 ambobus,
691 3216 725 3251 er
737 3207 855 3265 utroque
867 3206 936 3250 tem·

136 3271 224 3335 peresi
236 3269 340 3330 larem,
350 3271 556 3336 tentaturumque
567 3270 636 3320 lieri.
657 3269 764 3320 Deinde
774 3268 848 3319 Sulis
859 3283 935 3318 area·

135 3344 191 3389 tum
211 3353 275 3390 essu
297 3338 418 3404 partium
439 3340 550 3406 quidem
569 3345 754 3390 trecentarum
774 3337 936 3404 sexagintae

135 3406 181 3459 sed
203 3414 235 3459 ut
250 3407 411 3460 observatio
432 3408 593 3459 umbrarum
614 3406 778 3459 einsrcdeat
798 3405 936 3466 adnotes,

136 3479 233 3543 quinus
245 3476 397 3530 ausisdies
418 3477 513 3540 adiici,
532 3491 670 3544 superque
680 3483 808 3544 quartam
828 3480 936 3541 partem

137 3547 197 3598 diei.
216 3549 307 3609 eram
319 3546 355 3597 ab
367 3562 476 3599 causam
488 3547 585 3613 quintu
598 3560 671 3597 anno
682 3561 750 3596 unus
760 3543 937 3596 intercalaris

137 3613 360 3677 dimanarunt
368 3623 523 3683 temporum
531 3615 680 3667 ratioSolis
691 3614 787 3666 itineri
792 3617 937 3680 congruat.

165 3685 244 3736 infra
254 3683 346 3735 Solem
358 3687 443 3738 ambit
454 3687 552 3751 ingens
563 3683 649 3744 sidus,
665 3684 837 3750 appeliatum
852 3684 938 3736 Vene-

138 3752 180 3815 ris,
189 3753 300 3806 alterno
311 3762 404 3805 insutu
417 3769 526 3822 regum,
539 3755 662 3820 ipsisque
672 3752 881 3822 cognominibus
893 3767 938 3804 ae·

137 3822 237 3873 mulum
248 3821 322 3874 Solis
339 3838 371 3875 ac
390 3823 495 3875 Lunae.
527 3823 709 3875 Preavenicns
720 3823 820 3889 quippe
831 3828 860 3874 et
871 3828 939 3872 ante

136 3894 299 3942 matutinum
312 3892 449 3954 exoriens,
464 3890 590 3945 Luciferi
602 3907 703 3945 nomeu
713 3892 825 3958 accipit,
845 3897 877 3941 ut
888 3890 937 3942 Sol

137 3960 216 4023 aiter,
239 3960 313 4011 diem
331 3968 487 4012 maturans:
510 3968 607 4013 contra
628 3963 662 4013 ab
674 3977 774 4013 occasu
794 3959 937 4026 refulgens

136 4027 435 4096 nuncupaturVesper,
455 4037 486 4081 ut
502 4045 656 4099 prorogans
676 4031 774 4092 lucem,
794 4032 937 4098 vicemque

135 4096 234 4149 Lunae
256 4098 379 4151 reddam.
417 4100 505 4162 Quam
527 4107 653 4151 naturam
678 4102 739 4152 eius
760 4097 937 4167 Pythagoras

137 4164 248 4218 Saucius
259 4168 362 4231 primus
378 4168 567 4234 deprehendit,
588 4169 754 4236 Olympiade
765 4171 875 4223 circiter
885 4169 935 4219 tri·

138 4236 248 4314 gesimo
257 4236 384 4297 secunda,
405 4239 451 4304 qui
463 4238 518 4289 fuit
537 4238 615 4289 urbis
630 4241 733 4289 Seniue
746 4254 835 4290 eronus
846 4246 937 4289 cente·

136 4316 228 4352 simus
249 4302 421 4358 tredecimus.
453 4309 510 4359 lam
533 4307 723 4372 magnitudine
740 4315 821 4358 extro
837 4311 938 4357 cuncte

137 4372 195 4422 aliu
210 4370 367 4423 sirleraest:
388 4374 521 4427 claritatis
542 4378 651 4442 quidem
673 4381 781 4435 tantae,
804 4381 834 4425 ut
855 4375 937 4424 unius

138 4439 221 4491 huius
232 4440 331 4492 stellae
341 4441 426 4493 radiis
438 4447 551 4496 umbrae
572 4444 733 4495 reddantur.
764 4443 859 4509 ltaque
869 4450 898 4493 et
910 4442 937 4492 in

139 4524 237 4575 magno
247 4512 387 4561 nominum
399 4515 505 4565 ambitu
516 4520 568 4565 est.
599 4511 653 4562 Alii
665 4512 735 4564 enim
749 4512 868 4574 lunonis,
887 4511 937 4562 alii

138 4576 227 4640 isidis,
242 4579 292 4630 alii
302 4579 405 4633 Matris
416 4582 504 4635 Deum
518 4582 703 4648 appellavere.
736 4580 826 4633 liuius
838 4590 939 4632 natura

139 4656 234 4700 cuncta
252 4658 423 4716 generantur
441 4651 470 4703 in
490 4654 582 4705 terris.
614 4650 779 4717 Namque’in
801 4651 937 4702 alterutro

140 4725 235 4768 exortu
255 4718 372 4785 genitali
391 4735 456 4773 rure
468 4735 663 4787 conspergens,
683 4737 737 4773 non
752 4720 938 4773 terraemodo

141 4794 286 4852 conceptus
295 4788 402 4855 implet,
413 4805 507 4842 rerum
515 4789 938 4857 animantiumquoqueemnium

140 4855 274 4907 stimulat:
289 4856 424 4923 Signiferi
434 4868 527 4911 autem
539 4860 672 4911 ambitum
685 4860 793 4928 peragit
804 4859 938 4912 trecentis

138 4928 165 4974 et
182 4924 474 4996 duodequinquagenis
485 4928 592 4989 diebus,
613 4929 648 4980 ab
660 4927 724 4979 Sole
744 4944 882 4997 nunquam
893 4930 940 4981 ab·

137 4992 236 5110 elimans
256 4996 385 5115 pslrtibus
404 5005 550 5064 seratque
567 4995 753 5066 quadraginta
768 4999 887 5067 longius,
908 5004 939 5050 ut

155 5063 252 5115 'amuco
266 5080 282 5130 p
295 5071 367 5117 acet.

171 5129 262 5183 Simili
284 5133 404 5197 ratione,
424 5135 474 5186 sed
496 5148 667 5201 nequaquam
687 5134 939 5201 aragnttudineaut

139 5199 173 5260 ri,
193 5202 349 5266 proximum
364 5204 407 5256 illi
429 5204 563 5257 Mercurii
574 5203 659 5264 sidus,
679 5218 695 5253 a
715 5204 875 5269 quibusdam
887 5220 936 5272 ap·

139 5268 267 5333 pelletum
281 5273 430 5339 Apollinis:
452 5271 585 5325 interiere
607 5271 820 5335 circulofertur,
841 5288 937 5326 norem

139 5335 234 5390 dicbus
245 5339 341 5392 ociore
352 5341 559 5405 ambitu,modo
572 5347 636 5393 ante
647 5339 721 5397 Solis
733 5349 869 5401 exartum,
881 5358 937 5393 mo

138 5402 172 5487 sle
184 5413 387 5473 pestoccasum
400 5411 556 5479 splendens,
577 5426 713 5477 nunquam
732 5412 767 5462 ab
784 5426 817 5463 eo
839 5412 938 5479 viginti

137 5476 225 5528 tribus
247 5479 374 5545 partibus
393 5482 539 5542 remotior,
559 5486 589 5530 ut
601 5477 645 5532 hic
657 5479 729 5534 idem
741 5488 768 5534 et
789 5480 937 5550 Sosigenes

993 378 1102 433 demut.
1125 382 1192 437 ideo
1202 390 1232 436 et
1249 381 1504 451 peculiarishorum
1525 384 1646 437 siderum
1657 385 1730 439 ratio
1741 398 1793 450 cst,

993 463 1082 514 neque
1102 453 1254 503 communis
1275 469 1336 507 curn
1353 469 1438 522 supra
1455 453 1547 507 dictis.
1584 454 1709 523 Namque
1721 464 1794 509 caet

994 523 1093 597 quarta
1103 525 1183 584 purte
1195 521 1266 572 caeli
1277 539 1294 574 a
1305 523 1370 575 Sole
1381 524 1487 586 abesse,
1500 530 1527 574 et
1537 523 1635 586 tertie;
1656 531 1685 576 et
1698 524 1793 577 adrer-

992 584 1095 638 saSnir
1116 602 1200 653 saepe
1221 599 1385 644 cernuntur:
1406 594 1579 658 maioresque
1599 592 1670 643 alios
1690 591 1792 645 habent

993 662 1091 706 cuncta
1110 655 1208 721 pleone
1227 663 1415 714 conversionis
1430 662 1557 724 ambitus,
1577 662 1606 714 in
1623 664 1714 730 nragni
1726 663 1793 713 nani

992 727 1101 778 ratione
1114 723 1255 777 elidendos.

1026 793 1082 846 Sed
1102 796 1225 844 omnium
1237 792 1449 847 admirationem
1461 798 1547 850 vincit
1564 800 1741 851 novissimum
1752 799 1790 850 si-

992 862 1051 924 dus,
1062 863 1200 930 terrisque
1212 860 1469 927 fauriliarissimum,
1486 874 1514 917 et
1524 870 1550 919 in
1564 869 1737 922 tenebrarum
1749 883 1791 919 re

991 930 1112 984 medium
1133 933 1167 983 ab
1189 938 1289 982 natura
1308 939 1461 998 repertum,
1489 934 1591 990 Lunae.
1623 936 1791 990 Multiformi

991 998 1059 1052 haec
1070 1002 1186 1073 ambage
1201 1000 1283 1051 torsit
1296 1000 1406 1067 ingenia
1416 1004 1670 1069 contemplantium,
1690 1013 1719 1058 et
1730 1020 1790 1072 pro·

990 1073 1095 1121 ximum
1116 1070 1242 1138 ignorari
1257 1071 1376 1123 maxime
1391 1068 1468 1119 sidus
1491 1071 1706 1139 indignantiumr
1730 1090 1789 1127 cre·

991 1155 1071 1191 scens
1091 1154 1208 1205 semper,
1229 1144 1277 1189 aut
1296 1153 1455 1191 senescent:
1487 1147 1516 1190 et
1536 1142 1619 1193 niodo
1635 1144 1790 1195 curratain

992 1223 1095 1259 cornua
1104 1209 1185 1270 facie,
1197 1208 1279 1258 medo
1292 1222 1380 1273 aequa
1390 1206 1518 1273 perticae
1531 1207 1634 1270 divisa,
1653 1212 1735 1262 modu
1752 1212 1791 1264 si·

991 1287 1077 1329 nuata
1095 1278 1125 1329 iu
1146 1279 1255 1328 erbeus:
1275 1277 1425 1337 maculosa,
1444 1275 1594 1341 cariemque
1605 1279 1698 1329 subito
1709 1295 1789 1347 prae·

991 1347 1097 1398 nitens:
1112 1346 1248 1397 immensa
1259 1346 1326 1398 orbe
1335 1346 1427 1412 pleno,
1438 1360 1470 1394 ac
1481 1351 1596 1410 repente
1608 1346 1699 1410 nulla;
1720 1349 1790 1400 alias

991 1429 1106 1481 pernox,
1127 1415 1198 1467 alias
1212 1429 1284 1475 sera,
1305 1422 1333 1466 et
1345 1422 1423 1480 parte
1443 1412 1584 1465 dieiSolis
1605 1414 1693 1467 lucem
1714 1418 1790 1467 adiu·

989 1499 1071 1537 raus:
1084 1483 1223 1545 deficiens,
1235 1493 1262 1535 ct
1272 1487 1302 1547 in
1314 1485 1424 1536 defectu
1435 1492 1529 1534 tannen
1541 1482 1702 1548 conspicua:
1720 1501 1790 1550 quae

990 1553 1093 1606 mensis
1108 1553 1185 1605 exitu
1194 1553 1273 1613 latet,
1283 1568 1365 1619 quum
1376 1553 1506 1604 laborare
1517 1568 1570 1602 noo
1584 1551 1713 1603 creditur.
1734 1553 1791 1603 lam

990 1637 1056 1673 rere
1067 1619 1187 1683 hunnile,
1208 1622 1367 1683 cicerculae,
1388 1628 1416 1674 et
1425 1636 1459 1672 ae
1470 1621 1499 1671 id
1511 1620 1620 1688 quidem
1632 1635 1686 1671 uno
1698 1620 1792 1684 mode,

989 1690 1040 1744 sed
1061 1690 1132 1742 alins
1154 1690 1268 1743 admota
1287 1691 1375 1752 caelo,
1396 1691 1466 1742 alias
1492 1690 1627 1757 contigual
1641 1690 1792 1751 montibus,

990 1775 1063 1811 nunc
1081 1761 1110 1812 in
1121 1760 1283 1826 Aquilonem
1304 1760 1390 1822 elata,
1410 1774 1483 1810 nunc
1498 1761 1527 1810 in
1539 1763 1654 1810 nostrus
1665 1757 1790 1810 deiecta:

990 1844 1061 1897 quae
1080 1828 1191 1895 singula
1214 1829 1243 1879 in
1267 1843 1301 1880 ea
1322 1826 1503 1895 deprehendit
1525 1826 1664 1877 hominum
1684 1826 1791 1893 primus

989 1897 1162 1965 Endymion:
1181 1905 1209 1949 et
1220 1899 1255 1949 ob
1266 1897 1295 1948 id
1307 1912 1402 1948 aurore
1423 1898 1483 1949 eius
1504 1903 1602 1962 captus
1618 1894 1694 1948 fama
1708 1895 1792 1946 tradi·

990 1975 1044 2018 tur.
1075 1967 1138 2018 Non
1149 1981 1244 2016 sumus
1255 1966 1381 2032 profecte
1392 1967 1465 2031 grati
1477 1980 1544 2084 erga
1556 1980 1614 2026 eus,
1638 1965 1685 2031 qui
1695 1965 1792 2016 labore

991 2050 1110 2101 curaque
1131 2035 1220 2086 lucem
1233 2034 1313 2085 uobis
1329 2035 1501 2102 aperuerain
1530 2048 1562 2084 ac
1574 2033 1648 2085 luce:
1668 2034 1792 2100 miraque

990 2103 1109 2156 humani
1129 2104 1231 2170 ingenii
1242 2111 1328 2170 peste,
1349 2118 1397 2154 sun
1419 2107 1510 2155 uinum
1522 2108 1550 2155 et
1561 2100 1661 2154 caedes
1673 2101 1793 2155 condere

990 2173 1137 2225 annualibus
1147 2174 1233 2235 inim,
1244 2179 1275 2225 ut
1286 2118 1545 2226 scelerahomiaum
1555 2178 1704 2224 noscantur
1716 2185 1792 2223 muu-

990 2245 1018 2294 di
1031 2243 1118 2309 ipsius
1130 2242 1245 2308 ignaris.

1023 2311 1154 2362 Proxima
1165 2327 1232 2379 ergo
1243 2311 1359 2373 cardini,
1371 2312 1488 2379 ideoque
1501 2309 1615 2361 minimo
1627 2308 1742 2371 ambitu,
1753 2309 1793 2360 ri·

990 2381 1065 2432 cenis
1078 2380 1175 2431 diebus
1187 2381 1369 2447 septenisque,
1384 2388 1412 2432 et
1422 2380 1505 2431 tertia
1518 2378 1571 2429 diei
1583 2385 1671 2445 parte,
1682 2377 1792 2444 peragit

988 2448 1079 2515 spatia
1099 2449 1205 2511 eadem,
1217 2464 1294 2515 ,quae
1305 2449 1418 2501 Saturni
1427 2449 1505 2499 sidus
1515 2446 1680 2498 altissimum
1693 2447 1793 2512 trigin-

990 2524 1021 2567 ta
1051 2517 1209 2579 (utdictum
1230 2524 1284 2578 est)
1306 2519 1392 2567 annis.
1424 2514 1532 2567 Deinde
1553 2520 1662 2566 morata
1675 2515 1703 2564 in
1716 2514 1792 2563 coitu

990 2584 1065 2636 Solia
1073 2585 1254 2650 biduo,quum
1266 2585 1437 2644 taediasime,
1450 2583 1614 2634 etriecsima
1625 2581 1686 2632 luce
1697 2594 1792 2630 rursus

991 2652 1026 2702 ad
1038 2652 1149 2703 eusdem
1162 2653 1237 2704 vices
1247 2653 1320 2716 exit3
1333 2650 1407 2703 haud
1417 2652 1475 2702 scio
1488 2665 1522 2699 ao
1532 2650 1663 2709 oninium,
1683 2662 1755 2715 quac
1764 2648 1793 2697 in

991 2722 1069 2771 caclo
1090 2720 1216 2786 pernosci
1238 2728 1406 2786 potuerunt,
1426 2719 1574 2784 magistra:
1598 2717 1627 2768 ia
1647 2715 1793 2767 duodecim

991 2791 1124 2840 niensium
1142 2790 1234 2855 spatia
1245 2796 1374 2855 opertere
1386 2788 1591 2848 diridianaum,
1611 2785 1719 2853 quando
1732 2784 1793 2851 ipsa

990 2860 1075 2910 toties
1096 2858 1189 2910 Solem
1209 2857 1367 2909 redeuntem
1386 2857 1420 2908 ad
1441 2856 1576 2923 principia
1596 2854 1791 2919 consequitur:

989 2926 1064 2978 Solis
1075 2926 1184 2992 fulgore
1195 2928 1303 2992 reliqua
1314 2926 1435 2977 siderum
1449 2925 1523 2990 regi3
1544 2924 1680 2991 siquidem
1692 2926 1718 2974 in
1731 2928 1791 2973 toto

989 2996 1161 3046 mutuataab
1182 3010 1216 3046 co
1235 2995 1296 3046 lucc
1318 2995 1434 3061 fulgere,
1454 2993 1563 3059 qualem
1584 2994 1613 3043 iu
1629 3005 1793 3058 repercussu

989 3079 1078 3131 aquae
1091 3063 1209 3115 volitare
1220 3064 1416 3129 conspicimus:
1429 3061 1493 3113 ideo
1505 3061 1643 3122 molliore,
1654 3067 1683 3113 ct
1694 3064 1792 3126 imper·

988 3133 1063 3184 fecta
1073 3132 1101 3182 ri
1112 3133 1222 3184 solvere
1233 3140 1339 3183 tantum
1351 3130 1503 3192 humorem,
1518 3137 1602 3197 atque
1615 3130 1698 3182 etiam
1710 3144 1744 3180 au
1766 3144 1791 3181 e·

989 3217 1028 3263 re,
1039 3216 1120 3268 quern
1132 3201 1206 3252 Solis
1218 3201 1290 3252 radii
1302 3201 1460 3251 ubsuumat:
1480 3200 1546 3251 idco
1559 3206 1587 3251 et
1597 3145 1765 3265 inaequalif'
1780 3224 1790 3235 ·

989 3272 1064 3322 asine
1079 3270 1179 3336 aspici:
1192 3270 1258 3337 quia
1269 3284 1303 3321 ex
1316 3269 1432 3321 adverse
1444 3268 1553 3319 denium
1565 3270 1655 3333 plena,
1669 3267 1791 3332 ¹reliquis

989 3339 1085 3393 diebus
1096 3346 1201 3390 tantum
1214 3354 1248 3390 ex
1259 3354 1289 3390 se
1299 3338 1381 3390 terris
1394 3335 1531 3397 ostendat,
1551 3342 1684 3403 quantum
1697 3349 1730 3385 ex
1743 3335 1791 3385 So-

988 3409 1016 3460 le
1036 3408 1099 3474 ipsa
1120 3408 1272 3474 reincipiat:
1294 3410 1323 3457 in
1334 3406 1409 3458 coitu
1424 3404 1534 3473 quidem
1548 3420 1602 3456 narn
1615 3403 1704 3465 cerai3
1726 3417 1791 3469 quo·

989 3479 1061 3528 niam
1074 3477 1202 3529 haustum
1215 3492 1323 3527 carrucas
1349 3475 1419 3525 lucis
1436 3489 1535 3525 arcusa
1545 3473 1594 3524 illo
1607 3481 1726 3540 regerat,
1744 3487 1792 3522 un·

989 3547 1024 3600 de
1037 3547 1190 3612 acceqrerit:
1211 3545 1305 3597 sidera
1320 3560 1386 3595 rero
1398 3544 1471 3613 haud
1483 3543 1565 3595 dubie
1577 3541 1693 3595 humore
1706 3548 1792 3593 terre·

989 3630 1026 3666 ao
1038 3616 1130 3682 pasci3
1152 3615 1218 3681 quio
1238 3614 1306 3666 erbe
1317 3613 1431 3665 dimidio
1444 3628 1638 3679 nonnunquam
1651 3611 1792 3662 oraculosa

991 3692 1130 3746 ceriratur,
1151 3684 1260 3735 scilicet
1280 3683 1401 3735 inondum
1424 3689 1589 3748 suppetant
1610 3680 1645 3732 ad
1663 3679 1792 3731 haurien-

991 3756 1056 3807 dum
1074 3754 1150 3805 ultro
1169 3754 1245 3804 iusta
1266 3754 1307 3804 ri:
1328 3753 1451 3804 maculas
1473 3753 1610 3802 enissrnon
1632 3749 1706 3800 aliud
1730 3764 1790 3800 esse

989 3839 1071 3892 mam
1085 3830 1176 3877 terrae
1199 3828 1294 3888 ruptas
1315 3837 1375 3874 cum
1398 3819 1514 3872 huarore
1529 3819 1641 3870 sordes:
1664 3817 1791 3868 ilefectus

990 3900 1084 3946 autem
1096 3908 1171 3953 sucis,
1183 3898 1211 3943 et
1222 3890 1304 3955 Solis,
1321 3907 1379 3943 rem
1391 3892 1418 3941 in
1431 3898 1491 3941 tota
1502 3887 1734 3953 contemplatione
1746 3902 1791 3935 uu·

990 3971 1071 4016 turae
1092 3963 1213 4014 niaximc
1232 3962 1328 4012 miram
1352 3968 1380 4013 et
1401 3964 1512 4012 ostento
1535 3958 1670 4017 similem,
1693 3968 1792 4006 eorum

989 4030 1211 4100 magnitudinum
1222 4032 1392 4097 umbraeque
1403 4028 1509 4081 iudices
1524 4029 1668 4078 exsistere.

1024 4101 1083 4154 vri.
1104 4101 1215 4166 Quippe
1236 4098 1488 4159 manifestumest,
1511 4097 1605 4150 Solem
1633 4092 1791 4168 biterrentu

988 4171 1088 4222 Lunae
1099 4169 1245 4230 occultari,
1257 4169 1420 4232 Lunamque
1431 4172 1524 4215 terrae
1536 4163 1658 4213 obiectu:
1673 4173 1705 4209 ae
1717 4172 1792 4210 rrcas

989 4239 1077 4300 reddi,
1097 4238 1210 4290 eosdem
1230 4236 1304 4287 Solis
1315 4236 1408 4286 radios
1419 4230 1498 4285 Luna
1508 4225 1673 4294 interpositu
1683 4242 1733 4278 suo
1745 4242 1792 4279 aiu·

989 4308 1096 4359 ferente
1117 4313 1219 4366 terrae,
1238 4312 1368 4368 terraque
1389 4301 1494 4351 lauriae.
1525 4298 1586 4349 lluc
1603 4296 1739 4350 subeunte
1750 4313 1791 4352 re·

989 4376 1116 4442 pentinas
1129 4373 1230 4426 obduci
1241 4374 1382 4429 tenebras,
1391 4383 1553 4435 rursumque
1565 4366 1642 4421 illius
1652 4368 1748 4419 umbra
1756 4368 1792 4420 si·

990 4446 1040 4495 dus
1063 4442 1199 4495 hebetari.
1230 4440 1327 4505 Neque
1344 4438 1420 4491 aliud
1433 4446 1624 4498 csseaoctem,
1645 4452 1726 4503 qnam
1739 4444 1791 4489 ter·

989 4528 1039 4565 rae
1049 4513 1184 4563 uaibram.
1216 4509 1349 4576 Figuram
1366 4516 1458 4560 autem
1481 4509 1594 4561 trrrrbrae
1604 4507 1724 4559 similem
1736 4521 1791 4558 me·

992 4589 1049 4645 tae,
1068 4596 1101 4632 ac
1111 4580 1217 4631 turbini
1229 4579 1354 4642 iurcrsuq
1373 4578 1482 4645 quando
1495 4593 1624 4629 oruerone
1634 4583 1740 4629 tantum
1752 4576 1791 4625 in·

992 4658 1085 4719 gruet,
1105 4662 1194 4716 nsque
1211 4648 1309 4700 itunae
1320 4649 1435 4700 excedat
1445 4649 1638 4701 altitudinem:
1660 4644 1791 4711 quoniam

990 4721 1095 4773 nullum
1117 4716 1195 4772 aliud
1205 4717 1282 4769 sidus
1294 4717 1391 4770 eodem
1404 4719 1485 4770 niodo
1497 4717 1668 4776 liberaretur,
1686 4720 1715 4766 et
1726 4713 1792 4765 talis

990 4794 1083 4857 ligura
1091 4803 1200 4854 semper
1209 4803 1342 4845 mucrone
1355 4789 1477 4841 deliciet.
1500 4786 1597 4853 Spatia
1608 4781 1717 4850 quidem
1728 4798 1792 4836 con·

989 4860 1062 4911 sumi
1074 4859 1193 4919 umbras,
1214 4858 1317 4908 indicio
1340 4866 1403 4909 sunt
1416 4858 1557 4909 colueram
1579 4852 1698 4921 praealti
1714 4852 1791 4904 rola-

990 4939 1044 4982 tus.
1057 4931 1132 4994 Ergo
1142 4928 1290 4978 coirfinium
1301 4926 1358 4977 illis
1369 4934 1412 4978 eat
1423 4927 1496 4979 aeris
1508 4924 1652 4983 terminus,
1671 4920 1793 4971 initium·

991 4996 1183 5066 queaethen's.
1214 4996 1306 5064 Supra
1317 4996 1422 5047 Lunam
1444 5009 1513 5063 pura
1526 4989 1620 5042 omma
1630 5004 1664 5040 ac
1682 4986 1792 5041 diutur-

991 5084 1043 5119 nae
1055 5067 1124 5118 lucis
1136 5066 1226 5132 plens.
1263 5067 1285 5116 Α
1297 5065 1377 5115 aubis
1390 5074 1484 5115 eutem
1496 5073 1546 5126 per
1556 5063 1663 5111 noctem
1676 5071 1792 5109 cernua·

990 5145 1038 5188 tur
1047 5135 1149 5196 sidera,
1161 5141 1192 5185 ut
1202 5133 1312 5199 relique
1322 5133 1427 5184 lucrina
1439 5149 1454 5182 c
1466 5127 1598 5179 tenebris.
1632 5125 1668 5173 lit
1679 5127 1793 5191 propter

990 5203 1040 5257 hus
1052 5220 1150 5257 causas
1159 5210 1294 5254 nocturno
1306 5208 1431 5267 tempore
1444 5193 1537 5248 delicit
1547 5190 1635 5237 hune·
1662 5188 1739 5238 Stati
1751 5201 1796 5239 uu·

991 5285 1046 5329 tem
1067 5280 1151 5341 atque
1167 5272 1300 5324 menstrui
1310 5285 1364 5321 aun
1378 5274 1443 5317 sunt
1453 5260 1564 5321 utrique
1575 5252 1713 5324 defectus,
1737 5264 1787 5320 pro

990 5351 1054 5411 pter
1074 5343 1268 5408 obliquitatem
1285 5334 1431 5405 Signiferi,
1453 5331 1605 5398 lineaeque
1616 5315 1804 5387 '¹¹⁰¹“Yfl80f‘

990 5421 1022 5463 ut
1033 5411 1138 5465 aicium
1160 5416 1212 5470 cst,
1233 5407 1332 5468 nesus,
1353 5419 1409 5455 neu
1420 5404 1531 5457 semper
1542 5400 1569 5434 ¹¹⁸
1581 5373 1727 5436 ³⁰¹¹¹P¹⁸¹¹⁸
1742 5389 1806 5451 pai·

991 5483 1060 5534 tium
1072 5484 1239 5546 congruente
1249 5476 1370 5529 siderum
