4368 6008
274 290 309 351 C.
331 289 446 351 PLlN.
468 287 560 349 SEU.
582 283 683 348 ΝΑΤ.
704 284 824 346 Htsr.
846 285 928 345 ΜΒ.
950 283 1055 346 XXV.
1076 285 1167 347 CAP.
1192 287 1346 348 rot-tro.
1369 288 1454 350 ont.
1475 289 1595 354 XXVI.
1618 293 1651 353 C.
1678 294 1757 355 1-6.
1795 295 1859 356 307

205 452 269 495 cum
291 453 374 492 muco
394 442 424 492 et
443 436 547 506 exiguo
567 451 658 504 aquae
672 434 794 503 trigidae
809 434 880 487 trita
887 431 1010 487 illinitur

205 507 359 578 epiphoris:
380 514 457 560 tosta
467 522 528 559 cum
539 508 613 559 mica
623 506 701 566 salis,
712 504 836 557 saumis.

243 576 325 629 cvii.
342 577 368 628 2.
387 575 564 645 [ephemeron
580 573 744 627 loliahabet
754 573 819 634 lilii,
831 571 881 625 sed
891 575 1008 635 minora,

209 646 315 699 caulem
339 659 443 711 parem,
465 638 743 711 llorana-erujenm,
763 657 857 696 semen
876 656 1007 709 superra-

129 777 134 785 ,
209 729 301 775 cuum,
317 714 441 765 radicem
458 729 541 764 unam
551 712 662 780 digitali
674 711 867 773 crassitudine,
879 710 1009 763 dentibus

209 784 395 851 praecipuam,
407 785 546 834 concisam
558 784 586 833 in
599 789 690 843 aceto,
703 780 910 847 decaniamque,
927 786 957 830 ut
967 788 1008 832 te·

208 852 273 921 pido
288 852 454 904 colluantur.
490 852 527 902 Et
538 851 600 917 ipsa
610 850 694 904 etiam
707 849 787 900 radix
797 850 913 901 mobiles
925 849 1007 900 sistit.

209 923 289 975 Caris
307 928 336 973 et
355 919 448 972 exesis
465 918 642 985 imprimitur.
679 918 860 970 Chelidoniae
882 917 961 970 radis
973 932 1008 970 ex

209 997 287 1043 aceto
300 991 369 1041 trita
382 988 539 1040 continetur
550 1004 608 1040 ore.
637 988 735 1039 Erosis
746 995 886 1039 veratrum
897 990 1008 1053 nigrum

208 1060 377 1127 imponitur:
398 1060 516 1112 mobiles
537 1057 674 1110 utralibet
697 1059 813 1109 decocta
825 1056 944 1109 inarata
964 1055 1009 1106 llr·

207 1139 327 1181 arantur.

243 1198 340 1251 cvrtt.
358 1195 384 1251 3.
404 1197 526 1251 Labrum
548 1197 705 1251 Ver-nereum
726 1200 828 1247 vocant
845 1193 875 1245 in
896 1191 1009 1245 hunnine

207 1276 379 1320 aucentem.
415 1268 467 1318 Est
476 1268 503 1319 ei
513 1266 687 1326 vermiculus,
705 1266 752 1330 qui
767 1264 841 1316 cirea
853 1264 949 1315 dentes
961 1277 1009 1315 ne·

208 1346 296 1398 catur,
308 1343 355 1387 aut
367 1340 441 1389 caris
452 1336 576 1387 dentium
588 1350 652 1387 cera
660 1333 825 1385 includitur.
844 1331 1010 1392 Cavendum,

206 1421 244 1459 ne
254 1407 351 1457 avulsa
361 1404 448 1458 herba
459 1413 562 1455 terram
575 1409 682 1471 tangat.

244 1475 314 1531 ClX.
333 1475 360 1525 4.
380 1475 571 1525 tinnunculum
585 1488 725 1535 vocamus,
747 1486 828 1539 quem
840 1468 941 1521 Graeci
960 1469 1009 1520 ba·

177 1540 346 1597 itrachion.
383 1543 493 1595 Genera
516 1544 575 1594 eius
594 1551 721 1610 quatuor.
760 1541 848 1592 Unum
862 1538 1011 1606 pinguiori·

208 1608 274 1674 bus}
282 1627 362 1678 quam
373 1612 520 1673 coriandri,
532 1612 617 1673 loliis,
629 1618 658 1663 et
669 1612 703 1662 ad
715 1608 890 1661 latitudinem
903 1606 1011 1658 malvae

210 1680 415 1742 accedentibus,
433 1680 635 1741 eolorelirido,
658 1680 737 1731 caule
758 1681 832 1740 albo,
851 1676 961 1796 gracili,
982 1684 1010 1727 et

209 1747 306 1798 radice
321 1748 392 1798 alba.
427 1748 560 1800 Nascitur
578 1752 606 1801 in
621 1749 755 1801 limitibus
774 1746 849 1803 inimi
871 1748 893 1795 ia
905 1752 1009 1810 etopa·

180 1816 259 1875 acis.
295 1817 418 1867 Alterum
430 1815 568 1877 loliosius,
589 1817 715 1883 pluribus
727 1816 860 1868 foliorum
872 1814 1011 1875 incisuris,

181 1904 201 1941 4
210 1883 277 1935 altis
289 1884 421 1936 caulibus.
458 1886 583 1936 Tertium
596 1887 738 1936 minimum
751 1892 809 1947 est,
828 1884 905 1949 gravi
917 1882 1013 1944 odore,

183 1980 201 2007 a
211 1952 280 2005 tiore
291 1967 386 2005 aureo.
405 1954 540 2015 Quartum
551 1954 643 2006 sinrilc
653 1952 726 2015 huic,
736 1954 804 2005 tiore
816 1953 902 2004 luteo.
922 1950 1013 2001 Omni·

209 2019 263 2073 hus
272 2023 315 2074 via
326 2022 458 2085 caustica,
469 2022 494 2072 ei
506 2023 593 2075 cruda
603 2023 674 2074 lolia
685 2026 878 2090 imponantur:
889 2019 1014 2088 pusulas·

1059 451 1122 504 qus,
1141 439 1266 506 stigma,
1282 436 1400 491 facium.
1434 439 1502 491 Ideo
1512 440 1548 492 sd
1560 441 1652 511 lepras
1667 448 1697 497 et
1707 457 1804 511 psoras
1818 445 1859 498 ela

1060 512 1186 569 utuntur,
1198 514 1226 560 et
1236 507 1273 558 ad
1283 507 1409 560 tollenda
1418 508 1564 574 stigmata:
1576 513 1763 579 causticisque
1774 516 1861 567 omni·

1060 576 1111 627 bus
1132 577 1257 628 miscent.
1293 577 1432 644 hlnpeciis
1452 577 1605 644 imponunt,
1628 580 1757 634 celeriter
1768 597 1859 634 remo·

1062 651 1171 696 rentes.
1206 644 1296 695 Radix
1318 646 1345 697 in
1368 646 1465 698 dolore
1485 648 1717 702 commanducata
1738 652 1860 714 diutius,

1060 713 1166 779 rumpit
1176 712 1284 764 dentes.
1305 714 1408 765 Eadem
1419 716 1492 766 sicca
1503 718 1627 779 concisa,
1639 725 1860 773 sternumentum

1061 788 1113 833 eat.
1154 781 1252 833 Nostri
1274 779 1396 834 herbarii
1415 791 1565 836 strumeam
1586 793 1707 851 vocant,
1727 793 1860 856 quoniam

1060 850 1189 901 medetur
1199 851 1323 911 strumis,
1345 857 1373 901 et
1384 852 1470 917 panis,
1492 860 1571 920 parte
1584 857 1613 906 in
1625 854 1702 907 inmo
1713 872 1858 923 suspense.

1061 918 1238 987 creduntque
1259 934 1293 970 ea
1308 934 1403 970 rursus
1422 927 1493 982 sata,
1512 923 1650 979 rebellare
1667 940 1736 993 quac
1748 942 1860 979 curave·

1061 988 1117 1039 rint
1128 989 1211 1039 vitia:
1231 1003 1286 1056 quo
1297 990 1402 1040 scelere
1414 995 1441 1040 ct
1455 990 1617 1060 plantagine
1634 999 1759 1045 utuntur.
1795 997 1860 1047 Oris

1062 1056 1178 1109 hulccra
1197 1059 1272 1108 intus
1289 1073 1388 1109 succus
1404 1058 1572 1125 plantaginis
1588 1062 1733 1123 emendat,
1754 1063 1862 1115 etlolia

1060 1126 1224 1194 radicesque
1237 1126 1474 1188 conrnranducata,
1486 1129 1529 1178 rel
1538 1131 1562 1180 si
1574 1131 1772 1183 rheumatismo
1784 1133 1861 1183 labo·

1061 1202 1106 1247 ret
1125 1210 1166 1245 os.
1200 1195 1325 1247 lluleara
1341 1194 1532 1263 foetoremque
1547 1200 1777 1266 quinquefoliums
1801 1199 1861 1254 bul·

1062 1280 1126 1316 cera
1136 1263 1278 1329 psyllium.

1096 1334 1153 1385 CX.
1173 1333 1335 1400 Composita
1345 1346 1455 1399 quoquo
1466 1332 1501 1384 ad
1512 1332 1658 1396 foetorem,
1675 1339 1720 1389 rel
1739 1339 1861 1392 maxime

1062 1401 1219 1468 pudendum
1233 1402 1342 1463 vitium,
1363 1403 1514 1454 trudemus.
1549 1404 1625 1471 Ergo
1646 1403 1716 1457 lolia
1736 1410 1819 1473 myrti
1830 1413 1861 1460 et

1063 1471 1173 1523 lentisci
1184 1473 1243 1537 pari
1254 1471 1386 1538 pondere,
1394 1470 1627 1538 gallaeSyriacee
1638 1472 1783 1526 dimidium
1795 1492 1862 1542 poa·

1064 1540 1124 1601 dua,
1144 1539 1228 1590 simul
1243 1547 1342 1601 terere,
1361 1548 1389 1592 et
1405 1540 1470 1590 vino
1490 1546 1602 1592 vetusto
1618 1554 1715 1606 sparsa
1730 1544 1862 1596 mandere

1063 1612 1210 1672 matutino,
1229 1624 1264 1659 ex
1284 1623 1335 1659 usu
1357 1617 1409 1660 est.
1446 1607 1499 1659 Vel
1511 1607 1612 1661 ederae
1632 1610 1730 1662 baccas
1743 1627 1803 1664 cunr
1815 1628 1861 1663 ca·

1063 1679 1106 1728 sia
1120 1685 1149 1729 ct
1161 1675 1283 1744 myrrha,
1303 1677 1363 1744 pari
1379 1676 1501 1744 pondere
1514 1692 1549 1730 cx
1564 1679 1640 1730 vino.
1677 1679 1796 1731 Naribus
1809 1681 1864 1732 uti·

1063 1747 1200 1798 lissimum
1222 1754 1265 1797 eat
1284 1745 1421 1798 dracontii
1442 1761 1535 1799 semen
1555 1748 1705 1799 contritum
1721 1765 1756 1801 ex
1772 1749 1865 1813 melle,

1064 1816 1177 1867 etiamsi
1199 1817 1388 1867 carcinomata
1408 1816 1437 1866 in
1453 1813 1496 1866 his
1513 1816 1578 1866 sint.
1615 1815 1754 1883 Sugillata
1765 1818 1864 1885 hysso-

1065 1899 1107 2004 pili¹
1126 1883 1315 2006 emglnqlantur.
1352 1885 1491 1953 Stigmata
1509 1885 1538 1938 in
1560 1884 1635 1938 facie
1663 1887 1864 1957 mandragoras

1063 1953 1074 2004 i
1100 1955 1156 2005 'tua
1191 1960 1256 2006 eet.

312 2197 1747 2232 *-

644 2349 693 2435 C.
751 2348 1022 2434 PLINII
1077 2346 1434 2433 SECUNDI

163 2478 992 2628 'narnensis

1095 2478 1824 2630 arsroaraa

771 2729 1052 2802 LIBER
1117 2725 1303 2801 XXVI.

921 2934 1166 2953 ...ι-ι*

214 3057 236 3108 l.
255 3023 372 3109 Sanam
393 3066 422 3109 et
433 3055 518 3110 iacies
530 3056 672 3110 hominum
684 3073 779 3123 noros,
801 3060 933 3130 omnique
944 3076 1012 3115 nevo

213 3127 308 3192 priore
329 3127 497 3194 incognitos,
518 3142 573 3177 noa
589 3128 687 3180 ltaliae
710 3128 801 3191 niodo,
821 3132 1013 3182 verumetiam

213 3197 360 3247 universae
373 3210 458 3261 propc
470 3199 606 3261 Europae,
624 3198 749 3247 morbos:
762 3205 829 3247 tunc
839 3213 949 3263 qunque
960 3194 1014 3250 non

214 3271 276 3316 totu
289 3263 380 3327 ltalia,
400 3279 448 3314 nec
464 3279 512 3330 per
532 3265 675 3329 illyricum
689 3265 831 3316 Galliasre
849 3272 898 3316 aut
911 3266 1013 3331 llispa·

213 3334 275 3386 nias
285 3346 452 3398 magnopere
463 3339 584 3397 vagatos,
596 3341 645 3385 aut
656 3333 732 3396 alibi,
742 3348 823 3401 quam
834 3334 948 3397 Romae,
959 3336 1013 3387 cir·

213 3417 313 3470 caque:
326 3401 386 3451 sine
398 3400 496 3452 dolore
507 3401 617 3468 quidem
635 3403 709 3465 illos,
727 3418 760 3455 ac
771 3405 830 3454 sinc
842 3404 965 3468 pernicie
977 3404 1015 3455 si-

149 3512 153 3519 .
214 3480 271 3533 tac,
286 3468 335 3521 sed
348 3474 428 3521 tanta
440 3468 587 3535 foeditate,
603 3478 635 3522 ut
649 3486 829 3539 quaecunque
844 3486 920 3523 mora
934 3488 1013 3539 prae·

214 3539 423 3594 larendacsset.

249 3610 283 3661 11.
299 3607 498 3660 Gravissimum
507 3621 542 3659 er
552 3605 595 3658 bis
607 3608 731 3661 lichenas
739 3611 916 3676 appellavere
925 3612 1014 3665 Grac·

216 3693 248 3731 co
259 3678 380 3729 nomine:
397 3677 508 3737 Latine,
520 3679 647 3744 quoniam
660 3693 677 3729 a
688 3686 780 3730 mento
791 3680 850 3733 lere
863 3682 1014 3746 oriebatur,

214 3747 335 3800 ioculari
347 3747 467 3812 primum
480 3744 603 3809 lascivia,
615 3753 659 3809 (nt
668 3755 711 3800 eat
720 3764 823 3814 procax
833 3757 935 3801 natura
945 3752 1015 3801 mul·

215 3826 307 3869 torum
316 3818 344 3866 in
354 3816 452 3869 alienis
463 3815 601 3879 miseriis)
612 3832 677 3868 mox
689 3826 717 3869 et
726 3828 859 3887 usurpato
867 3820 1015 3883 vocabulo,

216 3892 399 3952 mentagram:
416 3890 596 3951 occupantem
608 3886 636 3936 in
649 3888 745 3938 multis
758 3896 832 3940 totos
844 3888 942 3955 utique
956 3890 1014 3940 rul-

216 3962 278 4015 tus,
296 3954 384 4005 riculis
395 3960 502 4004 tantum
517 3953 699 4017 immunibus,
721 3956 935 4010 descendentem
949 3973 1015 4010 rero

216 4029 246 4076 ct
256 4024 284 4073 ia
297 4023 369 4074 eolla
379 4030 531 4088 pectusque
543 4036 575 4071 uc
593 4036 697 4084 manus,
719 4025 802 4077 foedo
814 4030 885 4077 eutis
899 4025 1015 4077 turture.

252 4091 299 4142 lll.
318 4092 379 4142 Non
391 4088 484 4139 iuerat
497 4087 565 4139 haec
577 4089 637 4142 lues
649 4091 720 4155 apud
733 4096 855 4144 maiores
868 4100 1015 4159 patresque

217 4168 338 4212 nostrus.
374 4160 411 4208 Et
432 4158 547 4221 primum
559 4158 668 4208 Tiberii
680 4159 787 4210 Claudii
799 4162 926 4212 Caesaris
938 4163 1014 4226 prin·

218 4231 312 4295 cipatu
333 4225 424 4277 nrcdio
441 4224 555 4287 irrepsit
570 4225 597 4275 in
610 4225 730 4287 ltaliam,
751 4227 870 4292 quodam
883 4229 1015 4279 Perusino

216 4297 312 4364 equite
323 4295 448 4345 llonmno
460 4294 621 4357 quaestorio
633 4294 734 4354 scriba,
747 4310 806 4345 curn
819 4295 848 4345 in
859 4296 925 4345 Asia
935 4311 1017 4362 appa·

216 4365 329 4423 ruisset,
341 4362 405 4412 inde
416 4362 608 4427 contagionem
619 4363 680 4413 eius
692 4364 868 4429 importante.
889 4364 946 4416 Nec
956 4381 1018 4417 sen·

216 4447 280 4486 sere
293 4430 322 4481 id
338 4428 580 4493 malumseminae,
597 4437 645 4482 aut
655 4432 780 4493 servitia,
804 4431 952 4499 plebesque
964 4432 1014 4485 hu·

216 4501 304 4562 ntilis,
315 4507 365 4551 aut
376 4498 482 4549 media:
496 4497 544 4550 sed
555 4513 686 4564 proceres
697 4501 786 4553 veloci
797 4502 916 4554 transitu
928 4502 1017 4559 osculi

217 4573 351 4623 maxime:
373 4566 502 4619 foediore
520 4568 685 4630 multorum,
706 4573 754 4638 qui
776 4571 884 4638 perpeti
901 4570 1015 4624 medici·

217 4654 283 4692 nam
294 4638 490 4699 toleraverant,
511 4638 650 4701 cicatrice,
670 4655 752 4707 quam
764 4642 870 4693 morbo.
908 4642 1015 4693 Censti-

219 4709 258 4761 cis
271 4721 387 4773 aureque
397 4705 561 4758 curabatur:
585 4709 615 4759 ni
627 4711 752 4776 usquein
764 4725 828 4761 ossa
840 4725 939 4779 corpus
950 4726 1017 4763 exu-

219 4783 292 4828 stum
315 4782 398 4837 esset,
421 4775 574 4828 rebellante
595 4778 700 4831 taedio.
734 4779 970 4853 adveneruntque
982 4796 1017 4833 er

217 4849 346 4914 aegypto
358 4846 492 4913 genitrice
505 4849 601 4900 talium
613 4849 745 4901 vitiorum
757 4849 866 4913 medici,
887 4849 959 4901 hanc
970 4864 1015 4900 so·

217 4915 275 4968 lam
287 4930 398 4983 operam
410 4916 676 4985 afferenteamagna
684 4935 735 4971 sua
745 4920 856 4986 praeda.
875 4918 1016 4987 Siquidem

219 4993 325 5038 certum
345 4991 396 5045 est,
419 4985 566 5039 Manilium
579 4989 731 5040 cornutum
751 4989 927 5055 epraetoriis
939 4988 1015 5056 lega·

219 5062 277 5105 tum
289 5053 466 5122 Aquitanicae
487 5057 654 5121 provinciae,
678 5056 731 5109 tls.
744 5059 786 5109 CC
805 5057 930 5111 elocasse
941 5059 969 5109 in
982 5072 1016 5109 eo

219 5124 317 5173 morino
329 5123 479 5174 curandum
490 5140 562 5176 sese.
597 5125 761 5193 acciditque
772 5128 893 5193 saepius,
905 5133 935 5178 ut
946 5141 1017 5178 nora

219 5200 317 5244 contra
329 5207 433 5259 genera
444 5195 601 5245 morborum
613 5194 748 5262 gregatim
761 5198 937 5247 sentirentur.
954 5197 1017 5259 Quo

220 5260 374 5312 mirabilius
385 5260 450 5328 quid
462 5269 554 5322 potest
564 5263 696 5328 reperiri!
712 5264 805 5329 alique
816 5265 890 5330 gigni
901 5271 1016 5329 repente

218 5331 288 5381 sitin
299 5337 436 5381 tertarum
448 5329 476 5368 ³¹¹
489 5338 566 5368 Μ’·
577 5338 652 5368 ⁰⁰¹*ss
682 5329 867 5399 membrisque
877 5332 1016 5384 hominnm

218 5398 310 5459 certia,
333 5396 376 5447 vel
396 5412 417 5447 a<
736 5400 863 5462 fortunis,
885 5409 1015 5468 tanquam

217 5465 405 5532 maloeligent
799 5473 805 5487 '
836 5470 885 5522 illa
896 5472 924 5521 in
936 5469 1016 5522 adul·

216 5538 269 5588 tiss
289 5535 397 5602 baecpr

1102 3062 1147 3114 lv.
1166 3058 1199 3110 1..
1212 3058 1320 3118 Paullo,
1341 3057 1375 3119 Q.
1387 3054 1495 3108 Marcio
1518 3057 1689 3121 censoribus,
1707 3056 1865 3126 primumln

1067 3130 1176 3179 ltaliam
1185 3127 1382 3193 carbunculum
1395 3129 1511 3189 venisse,
1522 3129 1668 3179 annalibus
1678 3131 1868 3197 conscriptum

1067 3204 1119 3257 est,
1141 3198 1281 3264 peculiare
1294 3194 1479 3246 Narbonensis
1502 3198 1788 3260 provinciaemalum:
1810 3212 1866 3265 quo

1068 3266 1122 3317 duo
1147 3266 1308 3317 consulares
1329 3265 1423 3315 obiere
1442 3262 1627 3315 condentibus
1645 3266 1713 3316 llaec
1726 3267 1806 3317 nobis
1817 3281 1864 3318 eo·

1067 3336 1129 3387 deur
1141 3349 1222 3395 anno,
1240 3334 1330 3384 lulius
1337 3331 1432 3394 Rufus,
1448 3339 1477 3383 et
1487 3332 1521 3394 Q.
1536 3334 1672 3385 Leranius
1685 3334 1798 3394 Bassus,
1818 3334 1868 3386 ille

1069 3403 1239 3455 medicorum
1252 3403 1397 3452 inscientia
1408 3407 1512 3451 scetus:
1524 3401 1570 3453 hie
1580 3418 1646 3455 rern
1658 3402 1760 3468 pollice
1771 3404 1868 3455 laevae

1067 3488 1163 3523 nranna
1174 3471 1271 3523 evulso
1283 3485 1333 3520 aen
1350 3471 1385 3520 ab
1396 3469 1558 3535 semetipso,
1578 3476 1634 3521 tant
1647 3486 1732 3536 parvo
1743 3472 1869 3534 vulnere,

1068 3549 1099 3592 ut
1110 3543 1157 3591 rix
1168 3540 1243 3592 cerni
1256 3545 1358 3604 posset.
1396 3537 1528 3589 Nascitur
1549 3539 1575 3588 in
1594 3540 1792 3591 occultissimis
1804 3556 1867 3592 cor·

1067 3625 1166 3677 porum
1191 3609 1328 3676 partibus,
1349 3612 1377 3658 et
1399 3606 1625 3675 plerumquesub
1638 3609 1741 3677 lingua,
1762 3609 1869 3660 duritia

1067 3682 1169 3732 rubens
1179 3680 1238 3731 rari
1252 3676 1343 3737 mado,
1354 3674 1402 3725 sed
1416 3676 1556 3741 nigricans
1568 3678 1673 3741 eapite:
1688 3677 1761 3729 alias
1771 3677 1868 3739 livida,

1068 3764 1168 3814 corpus
1178 3746 1332 3806 intendens,
1344 3759 1432 3810 neque
1443 3745 1639 3808 intumescens,
1649 3747 1707 3798 sinc
1717 3746 1824 3809 dolore,
1833 3746 1870 3796 ai·

1067 3834 1103 3870 na
1123 3817 1242 3882 pruritu,
1263 3817 1324 3866 sine
1336 3814 1394 3864 alio
1407 3828 1487 3879 quarn
1501 3816 1590 3866 somni
1604 3814 1716 3877 indicio,
1738 3830 1793 3881 qno
1803 3830 1868 3882 gru·

1067 3895 1149 3938 ratos
1160 3887 1187 3936 in
1198 3884 1294 3935 triduo
1305 3881 1413 3933 aufert:
1437 3881 1588 3950 aliquando
1605 3892 1634 3935 rt
1646 3884 1788 3936 horrorem
1802 3883 1868 3934 alle-

1068 3971 1139 4016 rens,
1162 3956 1292 4020 circaque
1302 3951 1416 4017 pusulas
1430 3965 1541 4015 parvas,
1564 3953 1653 4004 rarius
1666 3953 1787 4004 febrem:
1807 3958 1866 4001 sto·

1068 4023 1193 4075 maehum
1204 4022 1354 4087 faucesque
1365 4034 1427 4071 eum
1438 4019 1549 4081 invasit,
1561 4020 1867 4072 ocissimeexanimans.

1103 4091 1137 4142 V.
1155 4092 1285 4143 Diximus
1306 4089 1509 4155 elephantiasin
1537 4098 1603 4139 ante
1623 4087 1748 4153 Pompeii
1769 4086 1868 4152 Magni

1069 4166 1188 4210 aetatem
1201 4176 1255 4210 non
1266 4158 1401 4210 accidisse
1411 4159 1440 4208 in
1454 4157 1544 4217 ltalia,
1563 4163 1592 4207 et
1601 4156 1688 4220 ipsam
1699 4171 1715 4205 a
1726 4153 1796 4206 faeie
1807 4169 1869 4205 sac·

1068 4226 1130 4293 pius
1141 4226 1330 4293 incipientem,
1338 4226 1367 4275 in
1374 4240 1442 4276 nare
1452 4225 1541 4291 prima
1551 4224 1638 4275 veluti
1646 4223 1791 4274 lenticula:
1803 4236 1869 4273 mox

1068 4297 1242 4346 inarescente
1254 4310 1303 4360 per
1313 4300 1403 4343 totum
1414 4307 1524 4357 eorpus,
1539 4292 1690 4355 maculosa,
1701 4292 1783 4342 rariia
1794 4291 1868 4342 colo·

1069 4364 1157 4425 ribus,
1168 4371 1197 4415 et
1208 4361 1349 4428 inaequali
1361 4368 1434 4422 cute,
1444 4360 1513 4410 alibi
1527 4376 1630 4422 crassa,
1641 4361 1710 4412 alibi
1721 4360 1809 4422 tenui,
1821 4359 1869 4412 du·

1069 4431 1188 4494 raalibi,
1212 4447 1261 4484 eeu
1272 4429 1367 4481 scabie
1377 4443 1492 4494 aspera:
1514 4430 1548 4480 ad
1563 4436 1731 4497 postremum
1750 4443 1818 4482 nero
1829 4429 1869 4480 ni·

1068 4508 1258 4571 grescente,et
1268 4498 1303 4551 ad
1316 4512 1380 4555 ossa
1391 4512 1487 4549 carnes
1497 4500 1870 4565 apprimente,intumeacen·

1068 4572 1144 4622 tibus
1157 4571 1252 4638 digitis
1264 4570 1292 4620 in
1302 4567 1421 4635 pedibus
1432 4567 1621 4635 manibusque.
1655 4569 1775 4637 Aegypti
1787 4584 1871 4635 pecu·

1069 4641 1139 4692 liare
1150 4638 1315 4691 boematum
1326 4659 1333 4692 ε
1353 4646 1453 4692 etcum
1464 4640 1491 4687 in
1503 4653 1583 4707 reges
1594 4638 1746 4700 incidisset,
1757 4638 1870 4705 populis

1069 4709 1195 4762 funebre.
1231 4711 1340 4776 Quippe
1361 4709 1389 4758 in
1411 4707 1531 4759 balineis
1549 4708 1622 4759 solia
1643 4707 1870 4774 temperabantur

1068 4778 1189 4831 humano
1207 4779 1344 4846 sanguine
1363 4775 1398 4828 ad
1419 4777 1583 4828 medicinam
1596 4790 1667 4829 eam.
1702 4778 1739 4828 Et
1751 4775 1869 4859 hicqui·

1073 4848 1134 4900 dem
1147 4849 1259 4900 morbus
1270 4848 1401 4899 celeriter
1416 4845 1539 4897 initalia
1553 4849 1703 4898 restinctus
1719 4852 1775 4898 est:
1795 4850 1870 4898 sicut

1069 4924 1098 4969 et
1109 4919 1165 4981 ille,
1185 4933 1265 4986 quern
1278 4928 1435 4982 gemursam
1447 4915 1623 4981 appellavere
1634 4917 1729 4981 prisci,
1745 4916 1819 4967 inter
1829 4916 1870 4966 dl·

1069 4987 1145 5055 gitos
1157 4986 1257 5054 pedum
1268 4991 1435 5045 nascentem,
1452 4985 1538 5035 etiam
1555 4985 1666 5038 naariae
1678 4985 1838 5037 obliterato.

1104 5055 1152 5108 Vl.
1170 5056 1202 5107 ld
1223 5058 1314 5121 ipsum
1332 5054 1470 5115 mirabile,
1492 5054 1563 5105 alios
1584 5055 1713 5107 desinere
1729 5054 1757 5104 in
1780 5049 1869 5107 nobis,

1070 5125 1141 5177 alios
1153 5124 1263 5184 durare,
1279 5123 1362 5175 sicuti
1374 5121 1473 5174 colum.
1512 5124 1617 5175 Tiberii
1632 5124 1757 5174 Caesaris
1769 5118 1869 5186 prinei·

1068 5200 1134 5261 pata
1146 5193 1260 5260 irrepsit
1272 5192 1302 5243 id
1314 5193 1424 5243 malum.
1460 5192 1518 5245 Nec
1529 5194 1674 5260 qaisquam
1690 5190 1718 5241 id
1730 5188 1805 5256 prior
1820 5185 1870 5235 im·

1069 5268 1198 5330 peratore
1212 5263 1274 5328 ipso
1290 5261 1388 5324 sensit,
1408 5276 1508 5330 magna
1526 5264 1651 5314 civitatis
1661 5258 1785 5322 ambage,
1807 5268 1869 5304 cum

1071 5332 1164 5384 edicto
1174 5329 1759 5396 eius,excusantisvaletudinem,lcgerctur
1768 5336 1868 5375 nomeu

1069 5401 1249 5470 incognitum.
1286 5399 1358 5463 Quid
1370 5398 1424 5451 boc
1436 5416 1497 5453 esse
1507 5401 1644 5460 dicamus,
1665 5401 1715 5446 aut
1725 5407 1793 5459 quas
1805 5390 1871 5445 deo·

1068 5485 1129 5521 rum
1147 5470 1223 5522 iras!
1242 5470 1343 5523 Parum
1361 5469 1435 5523 enim
1452 5477 1531 5521 erant
1548 5467 1651 5519 homini
1668 5470 1746 5515 certa
1757 5461 1871 5514 morbo·

1068 5554 1129 5592 rum
1141 5555 1253 5608 genera,
1271 5554 1332 5592 eum
1348 5538 1509 5655 ιυρτὲξςῦ
1519 5540 1620 5598 essem,
1634 5533 1689 5586 nisi
1700 5531 1787 5586 etiam
1797 5545 1871 5585 nors
