4368 6008
361 321 423 382 300
487 311 518 375 C.
565 310 714 373 PblNil
748 310 952 372 SECUNDl
986 308 1156 373 Nerua.
1180 309 1366 372 tilsroit
1403 308 1626 371 bruxili.
1668 305 1765 371 CAP.
1790 311 1895 372 19-23

363 483 456 538 passo,
477 467 631 520 edanturve
651 460 721 514 lolia
733 461 852 515 decocta
870 476 904 515 ex
915 461 978 515 oleo
990 468 1019 516 et
1029 462 1098 524 sale,
1119 462 1163 515 rel

365 540 454 591 cruda
473 554 507 589 es
530 539 622 590 aceto.
658 530 777 595 Quidam
800 532 957 599 decoquunt
971 548 1032 585 eam
1051 534 1079 584 in
1091 547 1163 585 noro

364 609 447 660 iiietili
465 621 527 658 cunt
548 602 725 667 heliotropio,
742 609 776 653 et
788 601 895 653 duabus
911 610 960 656 aut
970 603 1058 655 tribus
1069 602 1164 669 spicis,

366 681 456 731 donec
467 677 645 739 decoquatur.
659 671 812 723 Deeocturn
824 671 886 722 dari
896 671 1001 735 iubent,
1009 679 1037 723 et
1048 670 1163 725 herbam

366 753 455 816 ipsam
466 747 494 795 iu
506 744 579 801 cibo,
598 739 687 791 altero
700 740 744 793 die
756 742 929 810 purgationis
942 742 1102 794 mulieribus
1114 756 1161 808 pcr

366 818 504 873 triduum,
515 818 614 879 quarto
629 809 673 861 die
684 823 701 858 a
711 810 810 863 balneo
830 815 905 863 coire
916 827 973 863 eas.
1011 812 1163 878 Hippocra-

366 897 409 938 tes
421 883 497 934 miris
508 878 637 931 laudibus
648 879 674 929 in
688 880 833 933 mulierum
850 896 900 932 usu
914 880 1088 953 paedicavit
1099 879 1163 931 bas:

366 954 402 1007 ad
413 952 484 1003 hunc
495 949 607 1001 modum
618 948 787 1001 medicorum
800 965 879 1002 nemo
891 950 976 1002 norit.
987 950 1039 1002 ille
1048 966 1096 1001 eas
1106 948 1163 999 vul·

367 1036 487 1075 raecum
499 1017 591 1079 melle,
610 1018 655 1069 vei
665 1032 790 1083 rosaceo,
811 1018 855 1071 vel
866 1019 947 1081 irino,
968 1020 1013 1071 vel
1023 1019 1106 1070 lirino
1117 1017 1164 1069 ad·

365 1090 465 1144 morit:
488 1089 555 1141 item
567 1085 601 1138 ad
614 1086 728 1138 ciendos
749 1103 856 1140 menses
867 1089 1066 1154 secundasque.
1101 1088 1164 1138 Hoc

365 1161 441 1214 idem
454 1163 598 1225 praestare
610 1163 677 1222 potu
692 1156 806 1224 lotaque
816 1158 895 1209 dixit.
931 1158 1081 1210 instillavit
1092 1158 1165 1208 auri·

365 1231 417 1282 bus
430 1229 512 1280 olidis
523 1241 643 1286 succum,
653 1225 818 1293 inunxitque
830 1243 891 1278 cum
903 1227 966 1278 rino
979 1234 1082 1279 vetere.
1094 1227 1164 1277 Alvo

366 1299 437 1352 iulia
448 1296 588 1364 imposuit,
600 1294 972 1363 epiphoris,stranguriae,et
982 1299 1099 1348 rasicae.
1110 1294 1164 1347 Dc·

368 1376 478 1421 coctum
489 1366 549 1420 eius
560 1364 635 1417 dedit
648 1379 709 1415 cum
731 1364 845 1432 myrrha
856 1372 885 1417 et
898 1364 989 1418 thure.
1025 1364 1094 1418 Alro
1107 1363 1164 1430 qui-

368 1438 429 1489 dem
441 1435 600 1495 solvendae,
611 1433 655 1484 vel
666 1435 694 1484 in
705 1434 953 1500 febri,deeoquitur
964 1442 1095 1501 quantum
1109 1447 1164 1485 nta-

367 1523 418 1558 nus
430 1505 523 1571 capiat
533 1505 561 1555 in
574 1503 680 1554 duobus
690 1504 819 1554 sextariis
826 1519 913 1570 aquae
922 1504 956 1553 ad
963 1504 1109 1556 dimidias:
1119 1503 1162 1553 bi·

367 1575 444 1627 bitur
465 1574 524 1625 sala
546 1579 575 1624 et
596 1571 825 1624 melleadmixto:
848 1588 898 1623 uec
913 1587 968 1623 non
983 1589 1045 1625 cum
1062 1572 1165 1641 ungula

366 1643 435 1705 suis,
450 1650 500 1693 aut
509 1641 665 1709 gallinaceo
677 1640 820 1693 decoctum
833 1642 982 1694 salubrius.
1016 1641 1164 1709 Purgatio·

366 1714 411 1764 nis
431 1726 516 1762 causa
535 1719 667 1778 putavere
683 1710 769 1777 aliqui
787 1717 933 1777 utramque
950 1710 1082 1775 dandam,
1104 1713 1163 1763 siro

368 1798 431 1836 eum
443 1781 535 1832 malta
545 1780 701 1831 decoctum.
715 1780 870 1831 'l‘horacem
882 1788 1008 1847 purgant,
1019 1781 1101 1832 bilem
1115 1781 1162 1832 de·

368 1848 490 1909 trahunt,
502 1849 549 1901 sed
562 1847 734 1900 stomachum
746 1848 868 1901 laedunt.
905 1849 1038 1918 Reliquos
1050 1866 1114 1902 usus
1125 1849 1163 1899 di·

369 1936 462 1974 certius
472 1919 529 1968 suis
540 1919 618 1970 iocis.

306 1980 310 1989 ’
404 1988 478 2039 xix.
501 1987 539 2039 ia.
551 1986 659 2039 invenit
674 1984 842 2039 etAchilles
861 1985 1011 2054 discipulus
1028 1984 1164 2047 Chironis,

368 2074 424 2126 qua
433 2056 591 2109 vulneribus
611 2055 775 2117 mederetur,
796 2071 865 2123 quae
876 2058 912 2107 ob
925 2058 952 2108 iri
968 2056 1108 2108 Achilleos
1119 2071 1164 2105 ro·

368 2134 455 2179 eatur.
480 2127 542 2177 liae
553 2141 664 2176 sanasse
675 2124 829 2189 Telephum
842 2124 953 2176 dicitur.
981 2127 1039 2177 Alii
1050 2126 1164 2191 prinmm

367 2197 527 2262 aeruginem
538 2195 684 2255 invenisse,
706 2194 883 2246 utilissimam
895 2195 1066 2260 emplastris,
1088 2195 1164 2245 ideo·

368 2280 421 2333 que
434 2264 555 2331 pingitur
567 2280 584 2315 a
595 2262 708 2329 cuspide
724 2262 869 2316 decutiens
887 2279 948 2315 eam
984 2265 1059 2315 ladio
1070 2264 1097 2314 in
1110 2262 1165 2313 rul-

367 2350 422 2386 nus
433 2328 558 2399 'Telephi
595 2333 649 2384 Alii
672 2339 789 2399 utroque
808 2350 887 2385 usum
907 2349 933 2384 m
984 2342 1166 2385 camentoru-

367 2403 438 2454 lunt.
471 2403 562 2468 Aliqui
575 2410 603 2453 et
615 2401 686 2452 hunc
696 2417 825 2468 panacem
838 2401 994 2465 heracleon,
1006 2403 1058 2455 aiii
1067 2400 1166 2456 sideri·

368 2472 419 2533 un,
439 2477 468 2524 et
480 2473 553 2537 apud
564 2488 614 2522 nos
625 2471 801 2523 millefolium
812 2480 927 2534 vocant,
947 2472 1063 2524 cubitali
1074 2486 1166 2537 scapo,

368 2554 517 2602 ramosam,
538 2542 734 2592 minutioribus
755 2557 835 2609 quant
852 2540 984 2594 ioeniculi
997 2542 1071 2594 loliis
1083 2541 1165 2591 resti·

368 2620 427 2662 tam
437 2611 472 2662 ab
485 2611 550 2662 imo.
588 2610 642 2661 Alii
653 2609 777 2660 latentur
788 2611 898 2677 quidem
916 2612 993 2662 illam
1007 2610 1166 2662 cultioribus

336 2720 343 2725 .
369 2680 476 2742 sutilem,
495 2679 544 2732 sed
553 2694 645 2733 reram
657 2679 801 2731 Achilleon
814 2696 874 2732 esse
886 2696 970 2747 scapo
977 2680 1109 2733 caerulco
1122 2694 1166 2745 pe·

370 2749 439 2810 nait,
458 2750 519 2801 sine
529 2750 622 2809 ramis,
637 2764 670 2801 ex
681 2751 754 2799 orriri
766 2758 844 2814 parte
856 2751 973 2817 singulis
984 2750 1062 2801 iuliis
1073 2757 1167 2800 rotun·

369 2819 412 2871 dis
425 2819 567 2886 eleganter
577 2820 715 2869 vestitam.
735 2819 806 2868 ‘Alii
818 2819 952 2885 quadrato
964 2820 1052 2881 caule,
1063 2821 1168 2885 capitu-

342 2938 349 2943 ,
369 2888 404 2940 lis
427 2888 566 2947 marrubii,
587 2886 657 2939 lolio
674 2902 797 2952 quercus.
834 2889 914 2939 lianc
931 2889 1014 2939 etiam
1028 2889 1167 2954 praecisos

336 3000 357 3013 „
366 2971 468 3009 nereos
478 2957 616 3023 glutinare
627 2955 745 3007 iaciunt.
757 2957 835 3007 -·Alii
846 2959 975 3021 gideritin
997 2960 1023 3007 in
1039 2957 1166 3007 maceriis

365 3032 537 3084 amecurtem,
558 3040 618 3076 cum
638 3032 754 3087 teratur,
774 3023 848 3075 foedi
869 3027 971 3077 odoris.
992 3027 1165 3077 :Etiamnum

341 3122 350 3133 ·
367 3094 452 3147 aliam
464 3091 669 3157 similemghuic,
689 3093 738 3145 sed
759 3095 964 3145 candidioribus
980 3093 1057 3146 toliis
1068 3104 1095 3146 et
1108 3096 1165 3160 pin·

367 3162 519 3228 guioribus,
540 3162 713 3213 tenuioribus
734 3162 885 3226 cauliculis,
907 3164 936 3214 in
951 3165 1038 3215 tineis
1055 3181 1166 3215 nascen-

325 3254 342 3273 a
366 3238 434 3285 tem.
449 3230 539 3283 Aliam
550 3245 615 3281 vero
628 3232 721 3282 binum
734 3232 899 3293 cubitorum,
909 3233 1024 3283 ramulis
1036 3234 1165 3295 exilibus,

365 3299 527 3368 triangulis,
540 3298 609 3351 iulio
621 3301 711 3363 illicis,
720 3302 846 3367 pediculo
858 3301 950 3369 longo,
958 3303 1039 3355 betae
1050 3306 1165 3367 semine,

367 3386 463 3423 omnes
474 3369 632 3422 vulneribus
644 3372 817 3438 praecipuas.
856 3370 952 3423 Nostri
964 3388 1033 3434 eam,
1042 3389 1113 3439 quae
1124 3382 1166 3426 est

365 3440 507 3521 latissimo
516 3440 597 3503 lolio,
608 3455 719 3506 scopam
733 3444 838 3507 regiam
849 3448 960 3495 vocant.
977 3443 1107 3496 Medetm·
1116 3459 1164 3495 an·

364 3523 540 3575 ginrssuum.

401 3576 463 3627 XX.
485 3574 524 3626 13.
537 3577 644 3626 invenit
656 3584 684 3627 ct
690 3579 799 3631 Teucer
810 3580 906 3633 eadem
914 3583 1008 3635 aetate
1015 3581 1165 3644 Teucrion,

365 3656 448 3711 quam
458 3645 569 3707 quidam
582 3641 740 3696 hemionion
751 3655 860 3709 vocant,
878 3658 1053 3717 spargentem
1067 3651 1164 3703 iuncos

365 3717 474 3770 tenues,
485 3709 554 3759 folia
565 3724 657 3775 parra,
669 3716 775 3777 asperis
786 3715 856 3765 locis
867 3728 1034 3778 nascentem,
1050 3726 1163 3769 austero

365 3793 619 3844 saporc,nunquam
632 3779 789 3832 llorentem:
800 3796 987 3848 nequesemen
995 3787 1093 3852 gignit.
1106 3787 1164 3837 lliu-

366 3848 449 3901 netur
460 3846 589 3898 lienibus.
622 3848 790 3915 Constatque
800 3851 842 3899 sic
853 3852 990 3903 inventam
1001 3871 1007 3901 ε
1021 3858 1087 3904 Cum
1099 3863 1164 3905 exta

364 3931 521 3984 supeream
533 3918 658 3983 proiecta
670 3924 772 3980 essent,
789 3917 949 3972 adhaesisse
962 3921 1036 3982 lieni,
1047 3938 1163 3989 eumque

364 3986 532 4041 cxinanisse.
569 3985 611 4037 ob
633 3986 661 4036 id
682 4001 699 4035 a
720 3988 883 4052 quibusdam
902 3990 1027 4055 splenion
1038 4001 1162 4044 vocatur.

363 4058 498 4117 Narrant,
518 4069 590 4115 sues,
611 4057 658 4121 qui
669 4054 788 4107 radicem
802 4057 861 4108 eius
873 4058 988 4121 ederint,
997 4060 1057 4112 sine
1067 4062 1162 4126 splene

362 4125 490 4180 inveniri.
507 4123 646 4187 “Quidam
657 4124 771 4177 ramish
794 4129 870 4195 ssopi
889 4130 1070 4191 surculosam,
1093 4131 1161 4184 iulio

362 4196 456 4258 labae,
468 4195 564 4248 eodem
577 4196 689 4246 nourine
700 4144 849 4263 appeilyaut,
868 4204 897 4249 et
907 4198 1003 4266 colligi
1016 4200 1159 4253 florentem

362 4265 572 4319 adhueiubent:
596 4264 665 4317 adeo
677 4263 778 4317 llorere
797 4282 851 4317 uon
865 4266 1009 4320 dulritant:
1031 4270 1161 4325 maxime·

364 4351 418 4403 que
430 4350 464 4386 ox
476 4335 578 4386 Ciliciis
590 4342 618 4386 et
630 4333 753 4387 Pisidiae
765 4337 904 4389 montibus
918 4338 1042 4390 laudaui.

399 4402 474 4453 XXl.
495 4402 831 4471 melampodium,
852 4406 1033 4460 divinationis
1050 4410 1159 4463 artibus

362 4476 432 4522 nota
442 4477 493 4521 ost.
504 4473 544 4523 Ab
552 4474 604 4524 hoc
614 4475 772 4539 appellatur
781 4491 865 4530 unam
877 4477 993 4531 ellebori
1004 4495 1092 4546 genus
1103 4481 1162 4531 Me-

362 4538 535 4603 lampodiou.
569 4542 661 4608 Aliqui
679 4552 818 4609 pastorem
841 4547 938 4599 eodem
959 4542 1073 4601 nunrine
1087 4549 1163 4602 inve·

362 4606 438 4657 ”5⁸⁸⁰
449 4606 580 4670 tradunt,
600 4624 697 4676 capros
710 4616 822 4682 purgari
833 4623 913 4684 pasto
924 4616 974 4668 illo
986 4617 1163 4670 animadver-

362 4681 480 4737 tentem,
501 4675 622 4743 datoque
634 4680 706 4733 lacte
727 4699 819 4735 earum
832 4701 946 4738 sanasse
957 4686 1104 4738 Proetidas
1118 4686 1161 4739 lu·

362 4751 465 4823 rentes.
501 4743 684 4804 Quamobrem
695 4750 730 4803 de
740 4754 867 4805 omnibus
879 4755 937 4806 eius
948 4756 1095 4824 generibus
1106 4755 1162 4808 dici

363 4810 446 4862 simul
467 4816 604 4866 contenit.
640 4816 735 4872 Prima
753 4822 809 4873 duo
822 4832 895 4885 sunt,
915 4826 1062 4877 candidum
1081 4833 1109 4876 et
1121 4826 1161 4877 ni·

361 4894 451 4963 grum.
488 4881 550 4962 lloc
561 4882 701 4938 radicibus
723 4897 829 4942 tantum
851 4893 1162 4961 intelligitraduntple·

361 4960 452 5029 riqut·
486 4949 539 5007 Alii
552 4950 621 5003 fulla
631 4956 711 5019 nigri,
732 4959 845 5024 platano
857 4962 970 5025 similia,
982 4963 1030 5013 sed
1043 4964 1161 5027 minora,

361 5018 551 5100 nigrioraque,
565 5027 594 5072 et
607 5020 730 5085 pluribus
741 5026 871 5081 divisuris
882 5034 983 5084 scissa:
1000 5032 1067 5093 albi,
1079 5034 1161 5085 betae

361 5090 537 5153 incipientis:
549 5087 617 5139 haec
629 5105 736 5158 quoque
747 5097 877 5163 nigriora,
889 5109 916 5152 et
927 5101 1066 5153 canalium
1076 5102 1161 5153 dorso

360 5159 546 5212 rubescentis.
583 5157 707 5225 Utraque
719 5165 797 5217 caule
808 5166 893 5233 palmi
904 5170 1055 5233 ferulaceo,
1065 5172 1161 5224 bulbo·

360 5244 424 5281 rum
445 5227 546 5280 tunicis
566 5228 726 5290 convoluto,
745 5235 837 5287 radice
856 5238 994 5292 fimbriata
1012 5256 1158 5307 caeparum

360 5298 455 5351 modo.
491 5296 579 5365 Nigro
591 5297 665 5417 equi,
675 5299 769 5361 bores,
779 5317 842 5356 sues
853 5317 999 5361 necantnre
1012 5310 1106 5377 itaque
1115 5326 1160 5363 ca·

362 5376 426 5419 vent
435 5367 474 5430 id,
485 5382 545 5419 cum
558 5381 608 5418 can
631 5367 677 5419 ido
688 5378 843 5423 vescantur.
878 5377 1084 5444 Tempestivus:
1098 5396 1161 5431 ense

360 5437 475 5488 tradunt
487 5437 630 5495 messibus.
668 5438 819 5490 Plurimum
831 5452 922 5495 autern
935 5449 1097 5500 nascituris
1110 5451 1160 5502 0e·

359 5514 391 5556 ta
402 5514 511 5558 monte:
532 5514 560 5559 st
571 5507 704 5573 optimum
728 5523 783 5561 uno
804 5510 864 5561 elus
886 5513 949 5563 loco
963 5517 1036 5567 circa
1048 5518 1159 5585 i’yrsm.

361 5574 477 5643 Nigrum
487 5576 589 5645 ubique
599 5578 738 5647 provenit,
747 5579 799 5635 sed
809 5580 909 5636 aeuus
919 5584 947 5636 iu
957 5585 1102 5652 ilelicoue,
1112 5588 1161 5655 qui

1216 476 1295 517 utens
1306 467 1335 515 ct
1346 461 1409 515 aliis
1425 457 1555 512 laudatur
1576 457 1680 512 herbis.
1716 458 1872 512 Candidum
1883 462 2023 529 probatur

1217 535 1366 585 Oetaeum:
1388 528 1540 583 seeundum
1551 528 1710 587 Ponticum:
1730 531 1819 581 tertio
1841 532 1904 585 loeo
1916 533 2021 587 Eleati-

1218 618 1288 665 cum,
1309 600 1382 669 quod
1400 602 1431 651 in
1450 598 1554 650 ritibus
1571 598 1768 650 nassiteruat:
1789 603 2019 667 quartoParnas·

1217 674 1297 733 sium,
1328 668 1874 730 uodadulteraturAetolico,exricino.
1901 673 1937 724 Ni
1959 691 2018 726 rum

1217 740 1307 793 erbis
1349 738 1526 806 elampodion
1539 742 1653 800 vocant,
1675 751 1732 805 quo
1748 737 1884 793 ctdomos
1961 752 2018 806 unt,

1236 815 1399 878 urgantque,
1404 812 1568 877 spargentes
1579 814 1608 858 et
1617 821 1727 874 pecora,
1737 821 1796 858 cum
1807 810 1970 875 precatione
1975 829 2019 865 so·

1216 825 1316 932 femni:
1337 876 1391 929 hoc
1406 884 1436 930 et
1451 876 1609 944 religiosius
1621 875 1772 943 colligitur.
1809 876 1929 932 Primum
1942 884 2019 936 enirn

1216 948 1314 1018 gladio
1326 947 1571 1000 circumscribitur.
1601 946 1673 998 Dein
1684 946 1731 1013 qui
1741 946 1898 1000 succisurus
1910 958 1963 1013 est,
1975 966 2019 1004 or·

1217 1026 1277 1070 tum
1288 1024 1409 1084 spectat:
1432 1024 1461 1069 et
1471 1024 1609 1084 precatur,
1625 1024 1657 1065 ut
1668 1015 1697 1066 id
1708 1015 1792 1068 liceat
1801 1016 1854 1068 sibi
1865 1020 2016 1073 conceden-

1217 1089 1294 1139 tibus
1307 1087 1361 1138 diis
1373 1086 1474 1148 iacere,
1495 1087 1679 1152 observatque¹
1690 1085 1802 1152 aquilae
1812 1086 1937 1140 volatus:
1957 1089 2017 1143 iere

1219 1159 1291 1210 euim
1301 1157 1462 1208 secantibus
1473 1156 1605 1207 interest:
1625 1155 1687 1206 etsi
1699 1168 1785 1221 prope
1795 1153 1945 1221 advolarit,
1958 1174 2016 1212 mo·

1218 1226 1336 1277 siturum
1348 1225 1397 1277 illo
1409 1239 1480 1275 anno
1496 1222 1544 1290 qui
1554 1222 1692 1283 succidat,
1713 1226 1858 1291 augurium
1871 1233 1923 1278 est.
1957 1228 2016 1282 Nes

1219 1294 1314 1346 album
1326 1293 1409 1345 facile
1418 1294 1572 1360 colligitur,
1581 1299 1664 1358 caput
1674 1305 1838 1358 aggravans,
1847 1296 1965 1349 maxiem
1976 1298 2015 1350 ni·

1219 1366 1243 1415 si
1254 1368 1446 1431 praesumatur
1464 1363 1571 1424 allium,
1591 1370 1620 1412 et
1630 1362 1746 1413 subinde
1756 1363 1849 1414 vinum
1862 1364 2014 1429 sorbeatur,

1217 1433 1400 1500 celeriterque
1411 1432 1542 1486 iodiatur.
1578 1431 1693 1499 Nigrum
1706 1431 1754 1482 alii
1765 1439 1893 1485 ectomon
1906 1445 2013 1501 uocant,

1217 1503 1268 1556 alii
1279 1501 1474 1573 polyrrhizon:
1491 1507 1593 1569 purgat
1606 1501 1786 1567 perinlerna:
1808 1505 1954 1556 candidum
1966 1521 2013 1559 su·
2045 1556 2050 1561 .
2086 1568 2089 1575 Δ
2109 1548 2125 1571 ,,

1217 1582 1272 1625 tem
1287 1572 1604 1638 ronritiune,causasque
1615 1573 1772 1623 morborum
1785 1573 1920 1626 extrahit:
1932 1588 2031 1643 quoa*
2068 1591 2074 1603 ¹

1217 1643 1281 1694 dam
1295 1642 1431 1705 terribile,
1452 1648 1615 1708 posteatam
1634 1641 1829 1707 promiscuum,
1849 1651 1881 1695 ut
1890 1644 2016 1711 plerique

1217 1713 1374 1764 studiorum
1396 1713 1490 1780 gratia
1508 1710 1543 1762 ad
1561 1710 1730 1778 pervidenda
1740 1713 1839 1774 acrius,
1860 1727 1933 1778 quae
1945 1730 2015 1765 com·

1216 1783 1421 1843 mentabantur,
1431 1781 1540 1848 saepius
1550 1781 1765 1831 sumtitarcrint.
1790 1781 1961 1834 cantandam
1973 1798 2014 1836 re·

1216 1864 1384 1916 sponsarum
1395 1851 1515 1901 Zenonis
1527 1850 1619 1900 libris:
1631 1849 1752 1898 Drusum
1762 1853 1948 1917 quoqueapud
1956 1867 2015 1913 noa

1217 1920 1389 1970 tribunorum
1403 1918 1576 1985 popularium
1587 1917 1843 1979 clarissimum,(cui
1851 1930 2015 1972 auteomnes

1218 1987 1296 2056 plebs
1308 1995 1386 2039 stans
1398 1987 1510 2053 plausit,
1518 1987 1669 2053 optimates
1677 2001 1745 2037 reru
1756 1987 1859 2038 bellum
1865 1989 2015 2040 Marsicum

1217 2058 1416 2123 imputaverat)
1439 2062 1548 2108 constat
1570 2054 1623 2106 hoe
1643 2054 1845 2109 medicamento
1871 2059 2015 2112 liberatum

1218 2126 1355 2177 coniitiali
1368 2130 1463 2179 morbo
1475 2128 1502 2176 in
1514 2127 1647 2191 Anticyra
1663 2124 1762 2177 insula.
1801 2128 1840 2178 ibi
1852 2129 1924 2179 enim
1936 2131 2014 2179 tutis·

1218 2197 1287 2247 sime
1298 2196 1429 2255 sumitur,
1448 2196 1578 2262 quoniam
1592 2202 1634 2253 (ut
1646 2193 1777 2257 diximus)
1790 2196 2015 2248 sessuroidessd·
2029 2214 2035 2241 i

1218 2266 1344 2317 miscent.
1382 2265 1463 2316 ltalia
1473 2266 1612 2316 ueratrum
1625 2270 1716 2315 sucat.
1744 2264 1845 2315 Farina
1858 2282 1955 2317 eorum
1969 2280 2015 2334 per

1219 2352 1258 2397 se,
1268 2343 1296 2386 et
1308 2335 1396 2385 mixta
1407 2334 1540 2394 radicula,
1552 2349 1607 2399 qua
1619 2332 1695 2384 lanas
1708 2332 1826 2383 diximus
1838 2334 1936 2395 lavari,
1948 2344 2013 2386 ster·

1218 2404 1473 2466 numentumfacit,
1492 2405 1628 2468 amboque
1640 2418 1773 2453 sonrnum.
1810 2402 2012 2468 Leguntarau·

1219 2481 1275 2527 tem
1287 2473 1467 2526 tenuissimae
1480 2473 1586 2525 radices
1597 2472 1763 2537 brevesque,
1784 2487 1819 2521 ac
1834 2473 1911 2523 relat
1922 2473 2015 2525 decur-

1218 2550 1295 2595 tatae
1309 2544 1393 2595 etiam
1406 2544 1466 2595 hae.
1493 2543 1514 2594 N
1519 2558 1562 2593 ant
1575 2556 1689 2602 saniora,
1700 2556 1770 2607 quae
1781 2547 1824 2591 est
1835 2542 2014 2603 tramissims,

1219 2614 1314 2680 caepis
1335 2614 1446 2675 similis,
1469 2612 1585 2663 canibus
1608 2616 1713 2661 tuntum
1736 2610 1820 2661 datur
1841 2611 2014 2677 purgationis

1218 2697 1312 2735 causa.
1349 2681 1463 2750 Antiqui
1475 2681 1596 2733 radicem
1609 2680 1712 2731 cortice
1727 2693 1809 2745 quam
1821 2680 2013 2730 carnosissimo

1218 2752 1385 2819 seligebant,
1403 2768 1457 2820 quo
1471 2752 1581 2802 tenuior
1592 2753 1759 2800 exinteratur
1770 2748 1900 2799 medulla.
1937 2751 2014 2799 liant

1219 2819 1340 2872 humidis
1351 2821 1477 2888 spongiis
1490 2831 1633 2887 opertam,
1654 2824 1913 2885 turgescentemque
1924 2833 1974 2869 acu
1985 2817 2012 2867 in

1219 2889 1423 2957 longitudinem
1446 2890 1597 2940 findebant.
1633 2886 1742 2938 Deinde
1753 2887 1803 2938 iila
1818 2888 1847 2939 iu
1858 2887 1956 2945 umbra
1966 2886 2014 2937 sic·

1219 2960 1329 3021 cabant,
1351 2960 1387 3009 iis
1407 2967 1531 3009 utentes:
1551 2973 1623 3007 nnnc
1638 2956 1763 3005 ramulos
1779 2959 1857 3021 ipsos
1874 2956 1908 3006 ab
1921 2955 2013 3007 radice

1219 3045 1299 3095 quam
1312 3028 1470 3097 gratissimi
1481 3024 1732 3077 mmieisitadant.
1768 3026 1921 3089 Optimum,
1943 3022 2014 3091 quod

1219 3114 1283 3152 acre
1293 3103 1376 3166 gustu
1389 3097 1562 3164 tenusque,
1573 3096 1602 3145 ia
1615 3091 1768 3158 frangendo
1779 3092 1919 3158 pulverem
1933 3095 2012 3145 enuit·

1218 3169 1263 3219 tit.
1299 3169 1408 3219 Durare
1418 3170 1473 3218 ri·
1484 3168 1546 3217 eius
1557 3163 1635 3216 m
1646 3161 1724 3214 annis
1736 3159 1839 3212 ierunt.

1253 3237 1340 3289 XXll.
1354 3238 1470 3305 Nigrum
1481 3235 1607 3286 arctetur
1616 3230 1793 3299 paralyticis,
1804 3230 2015 3292 insanientibus,

1218 3305 1390 3374 hydropicis,
1398 3306 1461 3356 dum
1474 3307 1543 3357 citra
1553 3299 1798 3367 febrim,podagris
1810 3301 1958 3363 ueteribus,
1972 3317 2014 3351 ar·

1217 3375 1353 3427 ticulariis
1365 3378 1479 3428 ntorbis.
1514 3372 1615 3425 Trahit
1627 3370 1728 3430 ulerunt,
1743 3377 1772 3420 et
1782 3370 1877 3432 bilem,
1890 3371 2014 3436 pituitas·

1218 3461 1279 3512 que.
1316 3445 1358 3497 Ex
1378 3461 1451 3512 aqua
1472 3444 1554 3496 datur
1568 3442 1602 3493 ad
1614 3440 1714 3493 leniter
1724 3438 1901 3490 molliendam
1913 3438 2015 3499 airum,

1219 3514 1369 3581 plurimum
1381 3515 1524 3577 drachma,
1534 3513 1639 3563 modice
1650 3516 1769 3576 quatuor
1782 3508 1880 3559 obolis.
1893 3508 2015 3558 illiscue·

1219 3599 1248 3634 re
1259 3584 1346 3650 aliqui
1357 3592 1385 3635 et
1396 3598 1610 3643 scammoneam,
1622 3579 1671 3631 sed
1684 3580 1770 3630 tutius
1780 3580 1876 3628 saleru.
1914 3577 1944 3627 ln
1957 3574 2015 3626 dul·

1218 3654 1295 3703 cibus
1313 3652 1407 3704 datum
1425 3653 1568 3719 copiosius
1586 3647 1738 3717 periculum
1751 3646 1857 3698 inserti.
1869 3644 2013 3697 oculorum

1218 3722 1364 3788 caliginem
1386 3721 1448 3773 totu
1471 3722 1599 3772 discutit:
1621 3719 1656 3769 ob
1675 3717 1702 3767 id
1720 3715 1829 3783 quidam
1842 3715 2014 3767 etinunxere

1217 3790 1294 3839 trito.
1307 3789 1440 3849 Strumae,
1452 3796 1612 3855 suppurata,
1625 3786 1743 3838 duritias
1755 3785 1901 3851 concoquit
1913 3790 1941 3835 et
1953 3796 2014 3851 pur·
2054 3786 2059 3795 “

1215 3863 1277 3924 gat:
1292 3857 1487 3919 itemhstulas,
1499 3860 1583 3909 tertia
1595 3858 1640 3908 die
1651 3863 1798 3906 exemtum.
1816 3854 1952 3907 l'errucas
1964 3852 2015 3904 tol·

1215 3927 1250 3978 lit
1261 3941 1321 3976 cum
1333 3927 1455 3991 squamis
1465 3927 1539 3977 aeris
1551 3935 1578 3978 ct
1588 3923 1766 3976 sandaracha.
1792 3922 2014 3991 ilydrnpicorum

1215 3995 1306 4047 ventri
1317 3995 1469 4061 imponitur
1479 4011 1541 4066 cunr
1555 3996 1643 4047 farina
1654 3990 1809 4045 hordeacea
1820 4002 1849 4053 et
1857 3996 1929 4047 rino.
1966 3990 2014 4043 Pc-

1216 4080 1309 4117 corum
1322 4072 1350 4116 et
1361 4066 1548 4117 iumentorum
1560 4065 1674 4132 pituitas
1686 4069 1773 4124 sanat,
1786 4063 1896 4114 surculo
1907 4076 1956 4128 per
1965 4075 2014 4111 su·

1216 4150 1273 4187 rem
1294 4135 1421 4197 traiecto,
1439 4143 1467 4188 et
1487 4141 1601 4201 postero
1623 4133 1668 4185 die
1688 4131 1785 4185 eadem
1807 4129 1876 4183 hora
1896 4136 2014 4182 exemto.

1217 4204 1343 4256 Scabiem
1357 4205 1567 4272 quadrupedum
1584 4218 1644 4255 eum
1656 4201 1739 4254 thure
1750 4206 1799 4254 aut
1809 4215 1882 4264 cera,
1902 4215 1936 4252 ac
1946 4199 2016 4266 pice,

1215 4276 1258 4325 rel
1271 4288 1331 4326 cum
1344 4275 1491 4342 pisselaeo.

1250 4342 1350 4396 xxiii.
1370 4345 1467 4396 Album
1489 4342 1632 4410 optimum,
1660 4339 1735 4409 quod
1756 4340 1901 4393 celerrime
1921 4343 2016 4388 moret

1214 4419 1415 4465 sternumenta:
1435 4413 1483 4465 sed
1497 4412 1614 4464 multum
1627 4409 1781 4461 terribilius
1793 4412 1888 4477 nigro,
1911 4406 2015 4474 praeci·

1215 4497 1268 4549 pue
1279 4484 1305 4533 si
1316 4483 1377 4548 quis
1391 4491 1555 4549 apparatum
1574 4486 1736 4547 poturorum
1749 4479 1822 4545 apud
1835 4478 1963 4542 antiquos
1974 4474 2016 4526 le·

1214 4560 1272 4618 gat,
1282 4560 1380 4602 contra
1393 4550 1531 4613 horrores,
1541 4549 1741 4615 strangulatus,
1753 4547 1964 4614 intempestiuus
1974 4558 2016 4595 so·

1215 4621 1367 4683 ninivitas,
1389 4622 1530 4689 singultus
1547 4620 1670 4670 inlinitos
1680 4624 1727 4668 aut
1739 4620 1940 4676 sternumenta,
1960 4618 2017 4665 stu·

1215 4689 1306 4742 machi
1324 4691 1531 4750 dissolutiones,
1553 4688 1689 4740 tardiores
1706 4685 1826 4733 vomitus
1845 4690 1892 4732 aut
1908 4682 2017 4751 longio-

1214 4776 1268 4821 res,
1288 4761 1404 4829 exiguus
1424 4766 1472 4810 aut
1493 4757 1601 4809 nimios.
1637 4755 1746 4819 Quippe
1766 4750 1822 4801 aila
1841 4748 1909 4801 dare
1930 4750 2017 4814 soliti,

1215 4844 1286 4896 quae
1306 4829 1476 4879 concitarent
1498 4826 1674 4882 vomitiones,
1696 4824 1841 4887 ipsumque
1862 4819 2017 4873 elleborum

1214 4894 1392 4950 extraherent
1402 4892 1622 4954 medicamentis,
1643 4895 1693 4941 aut
1704 4887 1886 4956 clysteribus:
1905 4890 2016 4957 saepius

1213 4968 1297 5018 etiam
1309 4964 1445 5031 sanguine
1455 4964 1532 5016 venis
1544 4961 1654 5013 emisso.
1691 4957 1748 5010 iam
1759 4971 1827 5009 reru
1839 4964 1868 5010 et
1878 4973 1939 5010 cum
1951 4973 2015 5026 prc-

1213 5049 1294 5100 spere
1307 5032 1395 5095 cedat,
1416 5032 1537 5085 terribili
1548 5034 1618 5091 sisu,
1637 5027 1723 5080 variis
1734 5026 1875 5080 coloribus
1884 5028 2014 5089 vomitio-

1212 5117 1287 5162 num,
1313 5108 1414 5168 etpost
1427 5102 1594 5154 vomitiones
1605 5098 1804 5151 observatione
1815 5096 1880 5160 alvi,
1891 5096 2015 5149 balinea·

1212 5186 1272 5222 rum
1284 5169 1503 5238 dispensatione,
1519 5172 1608 5222 totius
1620 5171 1747 5234 corporis
1759 5184 1837 5232 cura,
1854 5165 2015 5220 anteceden-

1211 5250 1241 5293 te
1250 5243 1346 5293 omnia
1361 5241 1430 5294 haec
1440 5256 1541 5310 magno
1560 5236 1781 5293 terrorelamae.
1818 5238 1945 5306 Namque
1955 5244 2013 5287 tra·

1212 5310 1280 5362 dunt
1291 5311 1399 5362 absumi
1408 5326 1530 5373 carnem,
1540 5309 1564 5362 si
1576 5316 1711 5382 coquatur
1722 5323 1785 5361 una
1823 5305 1879 5360 Sed
1889 5308 2014 5372 antiqno·

1211 5396 1272 5431 runt
1283 5383 1379 5433 vitium
1391 5390 1462 5443 erst,
1471 5379 1544 5448 quod
1557 5385 1671 5447 propter
1682 5377 1732 5430 hos
1744 5384 1835 5430 nictus
1847 5377 1958 5443 parcius
1967 5373 2014 5423 da·

1211 5452 1292 5503 barri:
1311 5465 1371 5503 cum
1391 5451 1510 5503 celerius
1530 5455 1667 5515 erumpat,
1688 5464 1743 5515 quo
1761 5446 1868 5516 largius
1887 5446 2013 5497 sumitur.

1211 5518 1362 5572 Themison
1375 5519 1453 5571 binas
1464 5536 1518 5573 non
1529 5519 1650 5587 amplius
1661 5518 1809 5570 drachmas
1820 5515 1940 5566 detavit:
1969 5522 1999 5562 se

1212 5598 1326 5659 quentes
1339 5597 1367 5644 et
1377 5596 1526 5658 quaternas
1544 5589 1660 5655 dedere,
1680 5588 1758 5644 maro
1769 5580 1918 5653 llerophili
1935 5592 2013 5649 prae·

1909 5944 1918 5955 .
1961 5860 1990 5971 i
