4340 6018
271 238 303 296 c.
348 240 498 301 eiiuii
541 240 750 305 sacunni
794 212 956 307 siruii'
998 246 1182 310 nisius.
1226 249 1387 311 iiiiyi.
1431 256 1669 319 ciream.
1760 261 1798 321 si

138 392 285 453 Psesiese,
296 388 424 450 Amardi,
434 388 523 453 Hirti,
535 389 662 455 Edonas,
674 392 789 456 auiae,
801 392 945 456 Cumaeae,

138 460 292 521 Buehatae,
303 458 419 519 Cotiori,
430 460 583 524 Autariani,
593 460 850 530 PialaeAiimaspi,
860 470 945 516 antea

140 529 280 591 Cacidm,
289 528 373 580 Asael
380 564 389 591 ,
399 529 489 580 Oetei.
527 530 567 581 lbi
579 530 685 598 Napaei
695 532 838 585 interiisse
852 531 945 584 dieun-

139 609 198 664 mr,
219 604 249 652 et
267 597 404 663 Apellaei.
439 598 635 668 Nobiliaapud
653 617 702 655 eos
717 601 844 663 flumina,
865 603 944 654 Mau·

140 670 291 737 dragaeum
303 673 332 719 et
342 668 514 735 Carpasium.
535 669 593 724 Nec
604 671 634 721 in
643 672 700 724 alia
709 678 788 740 parte
798 673 887 724 maior
898 685 946 723 au·

139 749 249 796 morum
264 737 471 792 inconstantia:
492 739 575 792 credo
593 749 708 808 propter
722 743 881 795 innumeras
897 755 944 791 ra·

138 826 244 883 gasque
253 817 362 879 gentes.
379 810 518 862 Haustum
530 810 616 876 ipsius
628 813 713 862 maris
723 812 831 864 dulcem
843 826 904 864 esse
917 815 946 863 et

140 880 296 939 Alexander
307 881 428 946 Magnus
439 879 576 946 prodidit:
589 887 617 931 et
630 878 870 943 Milesia-talem
882 895 944 948 per·

138 954 225 1007 iatum
233 948 376 1016 Pompeio,
387 948 468 1001 iuxta
478 963 523 1001 res
532 950 846 1016 gerentiMiihridatico
858 951 945 1012 bellu,

137 1016 423 1142 ³sapignitpidiiiicsptlippd
440 1017 523 1138 dipiiie
538 1016 712 1141 indupntipni
733 1021 855 1142 an'iniutpp
871 1024 945 1102 victo

179 1106 205 1142 e.
285 1103 305 1138 ii
362 1102 449 1149 iem,
487 1102 591 1154 ompeii
628 1104 821 1156 ucnexpoia
854 1106 944 1155 m,1n

138 1161 255 1212 Bactros
267 1166 375 1225 septeni
386 1157 485 1209 diebus
497 1171 531 1209 ex
541 1156 622 1209 india
632 1160 771 1225 perveniri
784 1161 820 1212 od
836 1162 943 1214 lenium

138 1226 249 1290 llumeii,
260 1226 334 1294 quud
346 1227 375 1277 in
387 1226 476 1278 Oxum
488 1227 602 1279 induat:
626 1236 655 1280 et
665 1244 700 1282 ex
710 1243 744 1282 eo
756 1245 806 1297 per
815 1232 945 1297 caspium

137 1302 165 1350 la
183 1300 288 1365 Cyrum
303 1297 466 1358 subrectas,
486 1296 606 1364 quinque
622 1313 678 1349 unii
698 1300 817 1366 amplius
838 1300 944 1351 dierum

138 1378 250 1421 terreno
265 1368 382 1426 itinere,
403 1365 438 1417 ad
450 1365 554 1419 Phasin
568 1366 597 1417 io
608 1366 726 1420 Pontum
738 1368 848 1421 indicas
863 1384 945 1436 posse

137 1436 240 1490 devehi
260 1450 376 1492 merces.
411 1436 523 1488 insulae
538 1441 600 1488 toto
612 1451 646 1489 eo
664 1440 734 1490 mari
750 1440 869 1501 multae,
884 1437 945 1490 vul·

138 1512 209 1575 gata
221 1520 277 1556 una
287 1505 403 1556 maxime
415 1505 532 1557 Tazata.

173 1575 238 1629 XX.
248 1575 269 1625 A
281 1575 378 1640 Caspio
395 1576 467 1626 mari
483 1572 671 1643 Scythicoque
687 1589 792 1630 oceano
808 1574 836 1626 in
854 1574 944 1627 Ecum

136 1659 236 1697 cursus
256 1641 429 1705 inflectitur,
455 1643 647 1698 adorientem
669 1660 804 1698 comessa
830 1645 943 1696 litorum

136 1713 239 1768 fronte.
249 1711 444 1766 inhabitabilis
454 1716 515 1767 eius
527 1718 614 1782 prima
626 1730 698 1783 pars,
710 1732 728 1768 a
739 1712 871 1782 Scythice
882 1728 944 1781 pro·

135 1782 293 1845 montorio,
309 1783 345 1834 ob
359 1784 448 1853 niiep:
471 1789 598 1852 proxima
610 1785 730 1849 inculta,
745 1785 865 1836 saevitia
879 1799 944 1852 gen·

135 1852 214 1907 tium.
228 1850 462 1922 Anthropophagi
472 1851 594 1922 Scythae
604 1855 735 1919 insident,
745 1854 873 1906 humanis
884 1868 943 1903 cor·

136 1922 250 1991 poribus
260 1930 415 1975 vescentes.
435 1922 501 1976 ldeo
512 1927 590 1976 iuxta
601 1929 699 1977 vastae
709 1923 892 1984 solitudines,
904 1921 943 1974 fe-

136 2006 286 2060 rarumque
298 1991 467 2058 multitudo,
477 1990 550 2045 haud
561 1993 723 2046 dissimilem
737 1992 879 2045 hominum
890 1994 940 2042 iui-

135 2065 300 2115 manitatem
313 2060 453 2115 obsidens.
490 2063 594 2114 lterum
606 2061 707 2114 deinde
719 2059 849 2129 Scythae.
887 2062 940 2112 lte-

134 2148 250 2203 rnmqne
265 2133 379 2186 deserta
394 2147 454 2184 cuni
465 2132 582 2194 belluis,
596 2147 684 2201 usqne
701 2132 737 2183 ad
753 2133 848 2200 iugum
863 2129 939 2181 iucu-

133 2203 202 2256 bans
215 2204 299 2267 mari,
317 2204 390 2272 quod
403 2209 504 2255 vocant
515 2200 614 2254 i‘abin.
651 2202 710 2256 Nec
720 2209 785 2253 ante
797 2199 940 2251 dimidiam

132 2272 222 2326 iernie
232 2273 437 2341 longitudinem
451 2273 511 2323 eius
522 2286 588 2324 orae
600 2285 670 2339 quae
680 2276 790 2339 spectat
807 2271 940 2325 aestivum

132 2344 278 2404 orientem,
288 2339 461 2393 inhabitatur
472 2342 522 2392 illa
532 2341 619 2407 regio.

167 2410 256 2464 Primi
267 2417 332 2462 sunt
343 2408 495 2472 hominum,
506 2410 552 2477 qui
564 2416 725 2473 noscantur,
736 2409 828 2471 Seres,
838 2409 940 2461 lanicio

130 2479 264 2534 siliarum
277 2481 394 2541 nobiles,
415 2478 554 2546 pertusam
567 2492 640 2545 aqua
649 2479 827 2546 depectentes
837 2478 942 2529 frondi·

129 2564 177 2601 uni
199 2551 345 2602 canitiem:
372 2548 445 2599 unde
461 2548 588 2616 geminus
605 2546 717 2599 feminis
737 2548 840 2598 nostris
859 2546 941 2598 labor

127 2618 316 2671 redordiendi
328 2617 391 2677 hla,
402 2630 568 2682 rursumque
583 2616 706 2669 texendi.
728 2617 798 2667 Tam
809 2615 941 2680 multipli-

127 2688 153 2740 ci
170 2702 273 2754 opere,
291 2693 349 2735 tani
369 2684 523 2751 longinquo
537 2684 604 2737 orbe
616 2684 736 2752 petitur,
748 2692 778 2735 ut
790 2685 818 2734 in
828 2683 940 2751 publico

124 2764 265 2808 matrona
282 2751 463 2804 transluceat.
498 2751 579 2805 Seres
599 2755 681 2805 mites
701 2753 829 2820 quidem,
843 2754 892 2805 sed
913 2760 940 2805 et

123 2825 132 2876 i
156 2825 186 2876 si
206 2822 276 2874 ieris
298 2820 455 2889 persimiles
471 2828 579 2874 coctum
595 2822 766 2889 reliquorum
778 2823 939 2874 mortalium

126 2840 258 2962 ggiunt,
271 2891 439 2943 commercia
451 2898 623 2958 exspectant.
649 2892 771 2944 l’rimum
783 2907 878 2944 eorum
891 2907 940 2943 no-

125 2958 331 3015 sciturnomen
343 2959 484 3022 Psitaras,
496 2961 651 3026 proximum
666 2962 809 3012 Cambari:
827 2962 937 3013 tertium

127 3030 225 3083 Lanos
245 3043 262 3080 a
274 3042 328 3095 quo
343 3030 565 3096 promontorium
576 3029 695 3097 Chryse:
706 3030 783 3081 sinus
795 3031 938 3098 cyrnaba:

127 3103 232 3154 humen
244 3105 374 3167 Atianos,
390 3105 480 3167 sinus,
497 3110 526 3155 et
540 3119 608 3170 gens
621 3102 759 3154 hominum
769 3105 940 3165 Attacorum,

995 394 1062 478 eho,
1081 400 1278 469 praefectoque
1288 401 1386 456 classis
1397 418 1492 458 eorum
1505 404 1649 460 Patrocle:
1666 424 1760 463 verum
1772 420 1800 464 et

994 464 1363 547 aliisauctoribusGraecls,
1380 476 1426 540 qui
1438 491 1500 527 cuin
1509 476 1620 543 regibus
1630 477 1733 531 ludicii
1744 495 1801 533 uio·

994 541 1052 614 rati
1064 533 1154 605 (sicut
1171 542 1378 607 Megasthenes,
1390 544 1578 613 etDionysios
1589 562 1606 598 n
1617 547 1799 619 Philadelpho

996 617 1095 654 missus
1108 621 1142 657 ex
1154 622 1188 659 ea
1198 613 1368 673 causainres
1378 629 1488 682 quoque
1498 615 1623 682 gentium
1640 618 1791 685 prodidere

995 671 1163 753 Non‘tamen
1174 685 1216 728 est
1227 676 1386 746 diligentiae
1398 682 1491 747 locus,
1507 685 1577 737 adeo
1591 686 1703 741 diversa
1713 696 1742 741 et
1759 690 1800 740 in·

996 741 1314 797 credibiliatraduntur.
1349 751 1501 806 Alexandri
1516 754 1613 823 Magni
1627 758 1743 812 comites
1768 761 1799 810 in

996 826 1030 865 eo
1043 819 1135 864 tractu
1147 814 1249 875 indiae,
1257 829 1336 881 quem
1347 821 1433 872 armis
1443 824 1799 897 subegerantscripseruut

996 882 1117 950 quinque
1133 882 1224 935 miliia
1240 884 1403 950 oppidorum
1419 889 1521 957 luisse,
1536 895 1643 949 nullum
1659 897 1799 962 Cominus,

996 958 1093 1021 gentes
1104 953 1152 1006 ix.
1170 951 1329 1021 indiamque
1339 957 1451 1009 tertiam
1463 970 1570 1026 partein
1580 981 1643 1020 esse
1661 974 1798 1020 terrarum

996 1021 1129 1103 omnium,
1140 1021 1346 1104 multigudinem
1358 1027 1524 1093 populorum
1535 1033 1718 1099 innumeram,
1735 1052 1797 1104 pro·

995 1090 1082 1145 babili
1100 1108 1168 1145 sane
1185 1100 1303 1146 ratione.
1338 1094 1399 1146 lndi
1410 1097 1483 1148 enim
1494 1114 1580 1167 propa
1599 1106 1725 1173 gentium
1744 1107 1798 1159 soii

997 1178 1135 1229 nunquam
1147 1163 1184 1213 nii
1220 1178 1302 1214 avere
1313 1163 1489 1220 linibusauis.
1502 1170 1680 1238 colliguntur
1691 1174 1797 1228 aLibe·

996 1232 1119 1285 roPatre
1130 1231 1192 1283 adA
1205 1231 1495 1301 exandruniMagnum
1507 1253 1586 1306 reges
1597 1256 1693 1295 eorum
1702 1244 1796 1313 (grav,
1824 1252 1871 1297 aa,
1884 1252 1897 1287 ,ι
1937 1266 1945 1275 ,

996 1300 1075 1352 annis
1096 1316 1147 1354 sex
1167 1301 1235 1352 mill.
1255 1303 1381 1356 cccclii
1405 1305 1542 1359 adiiciunt
1562 1316 1714 1364 otmenses
1730 1323 1796 1366 tres.

995 1371 1120 1422 Amnium
1132 1369 1204 1423 mira
1215 1373 1341 1424 institas.
1378 1372 1511 1427 Proditus
1524 1377 1708 1432 Alexandrum
1720 1384 1796 1435 nulio

996 1438 1042 1491 die
1053 1441 1144 1491 niinus
1156 1439 1247 1491 stadia
1257 1449 1388 1494 sexcenta
1398 1447 1543 1514 navigasse
1553 1450 1581 1498 in
1592 1448 1675 1512 lodo,
1690 1467 1740 1504 nec
1750 1466 1797 1520 po·

997 1509 1084 1560 tuisse
1095 1515 1161 1561 ante
1171 1523 1279 1561 memes
1290 1512 1410 1580 quinque
1421 1520 1581 1585 enavigare,
1597 1517 1715 1571 adiectis
1730 1536 1796 1588 pau-

995 1578 1036 1630 cis
1049 1577 1159 1630 diebus:
1177 1586 1206 1630 et
1217 1586 1314 1635 tamen
1330 1583 1464 1635 minorem
1481 1587 1579 1655 Gange
1598 1602 1661 1641 esse
1678 1596 1797 1644 constat.

995 1647 1102 1700 Seneca
1112 1648 1197 1699 etiam
1208 1648 1281 1715 apud
1292 1666 1343 1702 nos
1354 1658 1464 1706 tentata
1475 1655 1571 1709 indiae
1583 1662 1795 1713 commentatio·

995 1732 1030 1798 ne
1042 1718 1191 1798 sexaginta
1200 1734 1296 1770 amnes
1312 1721 1371 1772 eius
1389 1723 1533 1789 prodidit,
1550 1734 1650 1795 gentes
1664 1728 1797 1780 duodevi-

994 1794 1067 1855 gmti
1077 1793 1251 1854 centumque.
1287 1788 1341 1841 Par
1353 1790 1432 1844 labor
1448 1794 1486 1845 sit
1502 1804 1611 1848 montes
1624 1811 1797 1851 enumerare.

994 1860 1153 1922 iunguntur
1169 1858 1242 1908 inter
1258 1874 1288 1910 se
1307 1859 1414 1923 imaus,
1434 1862 1572 1925 Emodus,
1592 1864 1797 1932 Paropaniisus,

994 1925 1272 1993 Caucasus,oquibus
1284 1935 1346 1979 tota
1357 1928 1480 1982 decurrit
1489 1932 1517 1982 iii
1529 1933 1671 2000 planitiem
1682 1935 1798 1988 ininien·

992 2008 1067 2056 saro,
1080 2001 1108 2047 et
1118 1996 1246 2061 Aegypto
1258 1996 1386 2048 similem.

1022 2060 1798 2139 Veraniutterrenademonstratiointelligaturmiexan·

993 2130 1036 2182 dri
1046 2132 1144 2199 Magni
1155 2134 1281 2201 vestigiis
1292 2134 1461 2189 insistamus.
1482 2138 1641 2207 Diognetus
1651 2150 1679 2193 et
1690 2134 1798 2195 Baeton

993 2202 1125 2253 itinerum
1142 2202 1202 2254 eius
1219 2219 1378 2269 mensores,
1392 2208 1543 2276 scripsere,
1559 2213 1676 2277 apertis
1689 2212 1798 2279 Caspiis

993 2272 1401 2340 Hecatompylunl’arthorum,
1410 2286 1480 2344 quot
1490 2278 1611 2331 diximus
1622 2280 1711 2333 millia
1721 2297 1796 2335 esse:

992 2340 1057 2392 inde
1070 2341 1264 2394 Alexandriam
1276 2344 1373 2406 Arion,
1390 2361 1469 2413 quani
1487 2348 1583 2400 urbem
1594 2349 1619 2400 is
1635 2364 1684 2402 rex
1699 2351 1797 2403 condi·

993 2409 1042 2470 dit,
1057 2408 1175 2462 nbxvi
1187 2411 1254 2463 mill.
1276 2412 1343 2466 lude
1353 2414 1389 2465 ad
1401 2416 1615 2483 Prophthasinm
1622 2420 1798 2488 Drangarum

993 2479 1104 2531 cxcix
1113 2479 1184 2531 mill.
1212 2480 1326 2533 indeed
1339 2483 1555 2538 Arachosiorum
1572 2488 1704 2555 oppidum
1717 2490 1798 2542 va

993 2548 1063 2627 mill.
1073 2547 1139 2599 lude
1151 2551 1337 2615 ortospanum
1349 2552 1498 2605 scansili.
1514 2556 1580 2608 lnde
1591 2557 1741 2609 Alexandri
1752 2572 1799 2624 up·

993 2616 1090 2683 pidum
1105 2617 1303 2685 quinquaginta
1314 2619 1353 2669 Μ.
1369 2623 1400 2672 Ιιι
1417 2624 1581 2689 quibusdam
1593 2626 1798 2691 exemplaribus

993 2684 1099 2736 diversi
1118 2687 1226 2737 numeri
1248 2688 1437 2759 reperiuntur:
1458 2690 1529 2743 hauc
1551 2693 1648 2745 urbem
1670 2696 1720 2747 sub
1735 2694 1798 2762 ipso

993 2755 1118 2806 Caucaso
1130 2770 1191 2807 esse
1205 2755 1333 2822 potitam.
1359 2754 1402 2808 Ab
1414 2763 1447 2810 ea
1459 2760 1493 2810 ad
1508 2761 1610 2813 humen
1623 2761 1757 2829 Copheta,
1769 2771 1798 2815 et

992 2821 1632 2962 iiiiii:lidiit'iiiiiiiiiii:
1645 2832 1713 2954 ii
1726 2832 1798 2953 ii

1546 2935 1553 2961 ,
1665 2920 1681 2953 n
1744 2919 1764 2954 ιι
1790 2939 1797 2953 .

993 2965 1033 3017 Ad
1045 2966 1197 3033 Hydaspen
1209 2965 1317 3018 durium
1330 2969 1445 3035 clarum,
1457 2973 1530 3023 CXX
1542 2976 1609 3026 mill.
1621 2918 1661 3027 Agd
1673 2975 1796 3041 Hypasin

991 3050 1049 3118 non
1061 3035 1268 3101 ignobiliorem,
1280 3036 1382 3089 XXlX.
1395 3041 1516 3091 CCCXC.
1530 3045 1573 3108 qui
1587 3044 1637 3094 suit
1647 3042 1798 3095 Alexandri

989 3104 1119 3159 itinerum
1129 3112 1277 3171 terminus,
1288 3118 1452 3174 exsuperato
1462 3117 1554 3163 tunicii
1566 3127 1660 3174 amne,
1683 3113 1795 3179 arisque

127 3180 233 3247 apricis
244 3180 279 3233 ab
295 3180 371 3231 omni
390 3179 476 3230 noxio
494 3176 590 3230 ulilatu
608 3178 718 3230 seclusa
735 3178 868 3240 collibus,
893 3192 937 3228 ea·
988 3178 1017 3229 in
1028 3176 1147 3229 adressa
1156 3177 1219 3244 ripa
1230 3176 1339 3228 dicatis.
1353 3179 1497 3245 Epistulae
1508 3194 1617 3247 quoque
1629 3182 1794 3249 reglsipsius

129 3250 209 3311 dem,
222 3265 277 3318 qna
286 3247 463 3316 Hyperborei
476 3246 589 3315 degunt,
601 3249 743 3315 temperie.
779 3247 822 3300 De
838 3248 873 3298 iis
885 3247 938 3312 pri·

128 3323 219 3371 satim
248 3317 375 3371 condidit
396 3316 530 3369 volumen
551 3318 726 3381 Amometus,
752 3319 825 3369 sicut
848 3317 939 3368 Heca·

127 3398 212 3442 taeus
223 3389 258 3440 de
268 3387 471 3456 Hyperboreis.
482 3387 522 3438 Ab
533 3389 676 3439 Attacori:
688 3395 785 3455 gentes
792 3386 902 3450 Phuni,
909 3391 938 3438 et

129 3454 268 3511 Tochari:
290 3465 319 3510 et
330 3457 384 3509 inin
401 3457 532 3508 ludorum
548 3457 654 3519 Casiri,
670 3457 809 3508 introrsus
826 3455 861 3508 ad
872 3455 939 3523 Scy-

129 3528 193 3580 thas
205 3526 289 3589 sersi,
301 3525 432 3579 humanis
444 3526 607 3593 corporibus
618 3532 776 3577 vescuntur.
799 3524 938 3577 Nomades

131 3612 242 3665 quoque
253 3595 349 3649 indiae
360 3604 507 3663 vagantur.
526 3594 597 3648 Sunt
608 3595 655 3663 qui
669 3595 704 3648 ab
721 3595 859 3662 Aquilone
874 3610 939 3646 con·

130 3669 170 3719 tin
213 3668 248 3719 ab
260 3667 327 3733 ipsis
340 3664 369 3718 dt
380 3668 497 3718 Ciconas
510 3665 622 3728 dixere,
646 3672 674 3717 et
690 3665 843 3733 Brysanns.

193 3736 243 3788 Xl.
255 3734 310 3788 Sed
321 3736 393 3788 unde
404 3736 486 3803 plane
497 3742 626 3787 constent
637 3742 745 3804 gentes,
754 3734 853 3787 Emodi
864 3750 939 3786 mon·

130 3814 174 3859 tes
185 3805 538 3873 assurgunt,lndorumque
548 3821 617 3873 gens
626 3804 734 3872 incipit,
747 3820 800 3858 non
810 3806 869 3856 Euo
881 3811 940 3856 tan·

131 3886 190 3927 tum
206 3876 279 3927 mari
290 3875 435 3937 adiacens,
446 3890 541 3927 rerum
558 3881 587 3926 et
596 3876 765 3936 meridiano,
783 3874 855 3942 quod
867 3873 939 3927 ludi·

990 3248 1169 3300 consentiunt
1177 3246 1231 3301 his.
1249 3246 1369 3313 Reliqua
1379 3248 1445 3301 inde
1455 3248 1704 3302 SeleucoNicatori
1717 3266 1794 3317 pera-

990 3325 1071 3385 grata
1082 3322 1160 3369 sunt:
1180 3316 1215 3368 ad
1232 3317 1401 3378 Hesidrum,
1412 3317 1548 3370 ccxviii
1561 3318 1631 3370 mill.
1651 3319 1792 3371 louianein

990 3403 1099 3440 amnem
1124 3387 1297 3439 tantundem.
1333 3387 1513 3453 Exemplaria
1538 3389 1633 3456 aliqua
1661 3388 1794 3439 adiiciunt

991 3456 1211 3578 pipippupimiplia
1222 3455 1443 3577 ιιιιιιιιὶιζιιιιῃΙΙΙιιὲἷιΙ
1449 3456 1625 3576 ιὲιοίέιηςειιι
1638 3457 1712 3540 ῼΧΙι
1722 3458 1789 3576 ιιιΙΊίΙΙ.

991 3541 1222 3663 ιμειῐίιιοριῗιιίἰυῖιῗ
1229 3527 1455 3662 qiplcappspaxp
1465 3528 1608 3663 oppii&
1618 3528 1752 3647 widin
1761 3542 1794 3648 pp

990 3667 1038 3717 alii
1051 3663 1173 3716 CCLXV
1187 3666 1225 3714 Μ.
1246 3663 1311 3717 lude
1322 3663 1357 3715 ad
1370 3665 1551 3717 confluentem
1564 3666 1684 3717 iomanis
1694 3667 1794 3729 amnis,

994 3743 1022 3788 et
1033 3733 1155 3801 Gangis,
1175 3734 1304 3785 DCXXV
1314 3733 1351 3783 ii.
1366 3734 1490 3800 plerique
1502 3734 1638 3785 adiiciunt
1648 3736 1713 3787 Xlil
1728 3736 1793 3785 miii.

992 3803 1223 3870 aduppidunique
1246 3801 1408 3855 Palibothra
1426 3805 1603 3857 CCCCXXV.
1641 3803 1678 3856 Ad
1691 3805 1792 3856 ostium

992 3874 1099 3939 Gangis
1111 3873 1310 3925 ccxxxviii
1321 3873 1390 3925 mill.
1403 3888 1541 3940 passuum.

18 4212 19 4229 ¹
129 4222 196 4273 xies
207 4228 324 4273 centena
335 4221 438 4276 LXXV
454 4223 493 4275 M.
505 4238 577 4290 pass.
591 4231 620 4275 ut
632 4223 832 4282 Eratosthenes
843 4225 938 4286 tradit,
989 4236 1108 4290 gnomen

18 4312 20 4339 i
128 4305 226 4356 usque
237 4289 374 4341 adludum
386 4307 501 4354 amnem,
514 4294 559 4360 qui
570 4294 655 4345 estab
667 4294 813 4346 occidente
826 4292 937 4342 huisln-
990 4280 1793 4352 niina:Prinas,etCaiiias(quiidinGangeminlluitiam
1845 4336 1848 4345 ,
1902 4332 1908 4341 ,
1986 4282 1996 4303 '

18 4362 19 4389 ἴ
128 4357 938 4429 diae.CompluresauteintotamipsiuslcngitudinemXL
989 4359 1214 4426 bonaiigabilia.
1252 4354 1514 4421 Gentemdalingae
1532 4353 1793 4419 proximimari,et
1847 4376 1852 4397 i
1922 4432 1926 4439 ι

131 3960 195 3996 cum
217 3944 440 4025 appellavimus:
463 3956 588 4010 quaeque
609 3959 672 4010 pars
694 3945 797 3997 orienti
820 3943 940 3996 aduersa
1026 3943 1139 4005 Gentes,
1149 3957 1217 4010 quas
1228 3958 1383 3995 memorare
1394 3958 1448 3994 non
1460 3942 1742 4023 pigeatamontibus
1761 3943 1794 3992 li·

131 4014 410 4081 rectopraetenditur
420 4013 520 4080 spatio,
533 4013 568 4065 ad
580 4012 680 4065 flexum
692 4020 719 4065 et
731 4014 841 4064 initium
850 4013 938 4066 Indici
989 4012 1438 4079 modis‚qucrunipromunturium
1449 4013 1538 4064 linaiis
1548 4021 1672 4071 vocatur,
1685 4007 1792 4059 incula-

132 4083 220 4135 maris
233 4082 327 4135 decies
339 4091 368 4136 et
385 4085 475 4135 octies
493 4091 610 4135 centena
624 4085 732 4137 XXXV
748 4083 788 4134 Μ.
808 4098 937 4149 passuum
990 4098 1050 4134 rum
1063 4082 1158 4151 lingua
1168 4082 1292 4139 nivosum
1304 4081 1497 4151 significante,
1507 4081 1585 4141 isari,
1602 4077 1712 4144 Cosyri,
1723 4074 1792 4142 lagi,

132 4154 253 4219 colligit.
266 4151 558 4219 Deindeqnnllcctitur
569 4157 595 4203 in
608 4153 751 4205 meridiem
763 4154 847 4206 vicies
857 4160 886 4205 et
897 4168 939 4205 se·
990 4160 1018 4204 et
1030 4167 1079 4219 per
1090 4155 1156 4202 iura
1167 4151 1373 4219 Chisiutnsagi,
1394 4151 1596 4214 multarumque
1609 4144 1731 4214 gentium
1745 4157 1791 4194 cn·

1120 4190 1323 4280 Hrnchnianae,
1334 4234 1449 4286 quorum
1460 4215 1695 4281 Maccocalingao.
1728 4211 1794 4264 Flu·

18 4468 19 4495 ,
130 4427 544 4495 dierumnociiumqueveiiiieo
556 4432 666 4482 navium
678 4446 759 4482 cursu
773 4429 938 4482 determina·
988 4441 1073 4493 supra
1082 4426 1205 4489 Mandri,
1215 4425 1305 4485 Malli,
1327 4437 1443 4489 quorum
1455 4437 1534 4475 mons
1543 4424 1655 4489 Mallus,
1676 4425 1798 4492 finisque

18 4602 20 4627 ,
131 4567 936 4636 centenaquinquafflntahl.passuumhgrippulungitudi-

131 4513 209 4551 sere:
224 4504 253 4549 et
266 4511 284 4547 a
295 4501 496 4562 septemtrione
508 4501 542 4552 ad
556 4499 698 4550 meridiem
713 4499 797 4549 vicies
809 4504 836 4548 et
848 4499 937 4549 octies
989 4498 1049 4549 eius
1059 4504 1165 4547 tiaetiis
1175 4504 1218 4547 est
1231 4494 1352 4560 Ganges.

1023 4565 1203 4621 XXll,Hunc
1214 4563 1262 4614 alii
1273 4563 1388 4614 incertis
1400 4558 1534 4627 lontibus,
1545 4572 1577 4616 iit
1585 4563 1689 4626 Nilum,
1701 4563 1792 4632 rigam

132 4636 174 4687 siis
181 4635 521 4699 triciesettercenteniini,
529 4638 686 4690 latitudinis
697 4645 775 4689 teret
785 4638 868 4688 vicies
877 4651 938 4702 pro·
988 4643 1099 4702 temque
1112 4633 1203 4685 riciiia
1212 4631 1309 4686 eodeni
1323 4632 1420 4696 modu,
1440 4633 1490 4684 alii
1501 4635 1529 4686 in
1541 4634 1682 4702 Scythicis
1693 4635 1796 4685 monti·

133 4705 212 4757 didit.
234 4704 777 4760 PosidoniusabaestivoSulisortuad
795 4706 936 4758 hibernum
987 4702 1278 4757 busnascidixerunt.
1306 4702 1541 4757 induereineum
1552 4705 1731 4757 XlXamnes.
1751 4704 1793 4755 Ex
1888 4734 1899 4743 -

134 4786 260 4826 exortum
273 4781 394 4826 metatus
405 4784 449 4828 est
460 4776 938 4839 eam,adsersamGalliaestatuens,
989 4772 1221 4841 innavigabiles,
1242 4780 1354 4842 praeter
1374 4774 1429 4825 iani
1455 4773 1554 4838 dictos,
1576 4773 1794 4833 Condnchateni,

134 4859 215 4911 quam
228 4845 263 4896 ab
276 4845 422 4898 occidente
433 4846 538 4899 aestivo
557 4847 592 4900 ad
608 4847 777 4899 occidentem
794 4846 937 4898 hibernum
991 4844 1196 4904 Erannoboani,
1216 4844 1383 4911 Casuagum,
1405 4843 1518 4897 Senum.
1553 4844 1608 4896 Alii
1622 4857 1795 4910 cummagno

133 4914 292 4966 incubator
306 4923 396 4967 totam
414 4916 574 4968 aFavonio.
606 4917 702 4984 ltaque
719 4916 862 4968 adversam
880 4917 938 4967 eius
991 4914 1105 4983 fragore
1115 4913 1202 4979 ipsius
1212 4914 1307 4965 statim
1322 4914 1408 4965 insitis
1428 4928 1582 4982 erumpere,
1603 4911 1797 4979 deiectumque

131 4985 207 5034 renti
216 4982 312 5036 afflatu
323 4987 414 5037 iuvari
426 4986 547 5046 indiam,
564 4986 758 5052 salubremque
780 4987 854 5047 lieri,
865 4984 938 5037 haud
991 5000 1039 5053 per
1049 4982 1196 5050 scopulosa
1205 4990 1233 5034 et
1244 4982 1379 5048 abrupta,
1395 4983 1442 5033 ubi
1453 4984 1571 5050 primum
1588 4981 1687 5031 molles
1709 4982 1797 5048 plani·

131 5049 331 5105 dubiarationc
341 5053 445 5107 docuit.
463 5056 524 5108 Alia
535 5055 688 5109 illiuscaeli
697 5054 792 5118 iacies,
805 5055 937 5108 aliiside·
990 5055 1043 5107 ties
1054 5053 1206 5120 contingat,
1216 5053 1247 5103 iii
1256 5054 1374 5121 quodam
1387 5053 1449 5104 lacu
1463 5050 1617 5119 hospitari:
1629 5048 1694 5099 inde
1705 5051 1796 5101 leneus

130 5131 292 5173 rumortus:
303 5123 387 5176 binae
393 5125 725 5188 aestatesinanno,biiiae
731 5141 842 5186 messes,
850 5125 939 5177 media
990 5122 1138 5185 lluei·e,ubi
1150 5122 1304 5183 niiniiiium,
1314 5122 1375 5174 Vlll
1389 5123 1478 5174 niillia
1489 5131 1620 5195 passuum
1632 5115 1795 5195 latitudine:

131 5191 285 5243 interillos
297 5190 387 5246 hieme
399 5196 557 5247 Etesiarum
576 5194 656 5247 datu:
673 5202 770 5246 nostra
786 5211 852 5247 sero
872 5197 937 5246 bru·
990 5194 1039 5245 ubi
1059 5191 1206 5255 modicum,
1227 5192 1382 5243 stadiorum
1406 5198 1535 5242 centuni:
1564 5183 1717 5235 altitudine
1736 5199 1798 5234 nus·

128 5275 177 5311 sia
188 5259 267 5313 lenes
278 5261 318 5313 ibi
331 5277 433 5325 aurae,
449 5279 526 5316 mare
539 5265 705 5334 navigabile.
743 5265 846 5317 Gentes
858 5264 898 5315 ibi
910 5270 939 5315 et
990 5279 1071 5331 quam
1083 5262 1191 5314 minore
1202 5275 1334 5328 passuum
1346 5259 1407 5310 XX.
1420 5256 1572 5332 norissima
1591 5255 1676 5313 geute
1688 5250 1800 5326 Ganga:

129 5330 938 5402 nrbeslnnunierabiles,siquisnuinespersequirelit.Et·
990 5331 1081 5385 ridum
1094 5332 1292 5396 Calingarum:
1314 5321 1543 5379 recievwbnlis
1561 5320 1691 5385 secatur.
1733 5317 1804 5395 Regi

129 5402 203 5451 enini
226 5401 371 5469 patefacta
387 5409 429 5454 est
447 5420 500 5454 non
519 5404 602 5457 assidu
618 5403 771 5458 Alexandri
783 5405 879 5471 Magni
895 5419 939 5455 ar·
989 5402 1040 5455 LX
1050 5401 1119 5455 mili.
1130 5401 1266 5470 peditum,
1288 5411 1318 5448 ec
1578 5378 1655 5425 '‘⁸¹¹“
1677 5373 1757 5430 DCC
1779 5398 1806 5434 ¹¹¹

128 5470 192 5529 niis,
204 5486 357 5541 regumque
368 5473 414 5541 qui
427 5475 452 5525 ei
465 5490 637 5537 successere,
650 5472 841 5526 circumiectis
853 5471 937 5524 etiam
989 5473 1131 5541 procinctu
1144 5468 1282 5522 bellorum
1296 5479 1310 5496 ¹·

127 5532 159 5587 iu
170 5538 347 5607 Hyrcanium
371 5558 449 5597 snare
466 5552 494 5596 et
513 5545 641 5612 Caspium
661 5542 780 5597 Seleuco
797 5548 826 5596 et
843 5543 938 5595 Antio·
1025 5542 1150 5609 lienique
1161 5540 1198 5587 :¹⁴
1709 5504 1818 5570 'sthur-
