4374 6014
294 293 308 309 ⁸
381 341 443 402 ass
500 338 531 397 c.
555 336 703 396 carun
728 332 938 394 saeuum
965 286 1135 390 aaran
1160 329 1351 399 aaaron.
1382 327 1467 388 ara.
1492 326 1647 387 xxxii.
1684 329 1783 390 car.
1805 318 1926 395 'nr-ar.

385 491 413 540 in
425 488 489 540 oleo
502 486 620 539 decocta
631 488 839 550 marramque,
857 485 890 532 ut
900 496 935 533 et
946 492 979 533 eo
990 480 1088 533 dentes
1098 479 1185 534 muel

384 574 457 613 anno
469 555 636 608 colluantur.
671 553 835 603 Pastinacae
852 550 1055 618 qtruqumradio
1076 550 1183 600 scariti-

387 641 451 679 caro
462 626 597 693 gingivas,
613 629 641 673 et
652 622 680 672 in
690 622 789 672 dolore
801 620 994 671 utilissimum.
1023 618 1185 669 Conteritur

386 697 423 757 is,
435 702 533 746 etcum
545 692 668 744 elleboro
678 689 742 742 albo
754 689 851 750 illitus,
859 690 956 739 dentes
967 689 1027 739 siae
1036 687 1185 739 rexauoae

389 762 519 816 extrahit.
556 760 794 812 salsamentorum
806 759 890 811 etiam
903 758 983 808 fictili
995 771 1062 808 rasa
1073 757 1185 807 combu-

390 840 494 883 sturam
507 828 585 890 cinis,
595 828 690 880 addita
701 828 794 880 farina
805 828 962 889 marmoris,
975 829 1049 877 inter
1059 825 1184 877 remedia

391 906 441 950 cst.
477 898 514 949 Et
526 898 608 964 cybia
619 907 714 949 vetera
724 897 802 948 eluta
813 897 841 947 in
854 911 926 946 noro
937 911 1013 957 rese,
1031 895 1095 946 dein
1108 895 1184 956 trita,

391 975 507 1034 prosunt
519 967 672 1019 doloribus.
708 969 801 1033 deque
812 965 946 1033 prodesse
956 965 1087 1017 dicuntur
1096 964 1185 1016 omni·

388 1053 433 1088 nm
444 1036 676 1089 salsamentorum
688 1035 787 1102 spinae
797 1037 970 1096 combustae,
994 1034 1140 1101 tritaeque,
1157 1039 1186 1085 et

388 1107 489 1157 illitae.
526 1107 725 1173 [decoquuntur
735 1110 764 1156 et
774 1098 862 1157 rante
877 1104 1042 1171 singularia
1055 1103 1127 1154 aceti
1138 1102 1184 1153 he·

388 1176 481 1237 ruinis,
502 1174 644 1227 uidentes
657 1175 698 1225 ita
710 1173 884 1235 colluantur,
905 1173 1137 1237 contineaturque
1157 1170 1186 1221 in

389 1260 439 1297 ore
448 1259 555 1294 succus.
592 1243 621 1295 Si
632 1243 778 1294 fastidium
789 1243 922 1303 obstaret,
943 1241 1129 1310 suspendebat
1141 1254 1186 1306 pe·

388 1314 470 1366 dihns
493 1313 693 1378 posterioribus
705 1326 753 1364 aas
764 1310 915 1363 Sallustius
925 1312 1089 1378 Dionysius,
1107 1316 1140 1361 ut
1151 1324 1187 1363 ex

389 1398 438 1435 ore
454 1382 529 1432 virus
540 1381 673 1433 delineret
684 1384 710 1432 in
722 1388 831 1433 acetum
842 1380 960 1442 ferrens,
976 1381 1061 1447 idque
1072 1395 1087 1437 e
1100 1378 1185 1447 plari·

389 1455 440 1504 bus
451 1453 536 1502 ranis.
571 1450 747 1503 Fortiorihns
759 1448 910 1502 stomachis
929 1464 963 1501 ex
979 1451 1040 1502 iare
1059 1448 1188 1500 manden-

390 1521 440 1572 das
456 1521 549 1571 dabat.
585 1521 807 1588 Maxillaresque
819 1521 860 1571 ita
873 1519 966 1571 sanari
978 1520 1074 1571 dentes
1085 1517 1189 1585 praeci-

390 1605 444 1656 pue
456 1594 563 1657 putant,
575 1591 693 1641 mobiles
706 1605 773 1639 tero
784 1603 870 1654 supra
881 1588 956 1638 dieto
967 1594 1047 1637 aceto
1058 1585 1187 1638 stabiliri.

390 1658 431 1709 nd
445 1656 497 1709 hoc
514 1658 625 1725 quidam
644 1671 774 1708 ranarum
787 1670 905 1723 corpora
916 1656 1044 1708 binarum
1054 1653 1188 1721 praecisis

390 1726 508 1793 pedibus
519 1729 546 1777 in
563 1727 621 1776 vini
639 1725 750 1775 hemina
760 1733 909 1785 macerant,
931 1731 959 1774 et
975 1725 1015 1775 ita
1026 1722 1110 1773 collui
1121 1722 1187 1773 deu·

390 1796 463 1847 tium
475 1796 600 1847 labantes
612 1795 717 1845 iubent.
752 1793 844 1859 Aliqui
865 1801 940 1844 totas
960 1792 1116 1858 adalligant
1129 1805 1187 1842 ma·

389 1863 478 1916 xiiiia.
512 1863 568 1913 nltt
581 1864 668 1915 denas
684 1863 713 1914 in
725 1864 797 1914 aceti
810 1862 940 1913 sextariis
952 1863 1040 1912 trihus
1052 1860 1188 1911 decoxere

390 1932 426 1985 ad
447 1932 548 1986 tertias
569 1941 672 1998 partes,
695 1937 726 1982 ut
747 1932 864 1982 mobiles
884 1931 1010 1982 dentium
1021 1930 1187 1981 stabilirent.

391 2002 517 2054 Necnon
529 2000 647 2052 xxxvl
659 2015 788 2052 ranarum
801 1999 888 2050 corda
901 2002 930 2049 iu
942 1999 996 2050 olei
1008 1998 1111 2048 veteris
1128 2012 1189 2049 set·

302 2088 303 2099 ¹
390 2072 464 2123 tario
485 2070 536 2121 suh
558 2085 641 2122 aereo
653 2077 726 2121 testo
739 2069 891 2130 discurere,
911 2076 942 2118 ut
953 2067 1130 2118 infunderent
1140 2081 1191 2132 per

393 2154 489 2192 aurern
501 2138 621 2190 dolentis
632 2138 768 2190 maxillae.
796 2138 849 2188 dlii
862 2138 939 2188 iecur
950 2151 1034 2187 ranae
1044 2136 1188 2188 decoctum

391 2215 421 2262 et
444 2210 541 2259 tritum
561 2223 621 2258 cum
633 2207 715 2259 melle
735 2207 893 2272 imposuere
913 2205 1050 2257 dentibus.
1087 2205 1190 2256 Omnia

393 2293 477 2346 supra
489 2278 593 2344 scripta
604 2291 639 2329 ea
651 2277 759 2328 niarina
770 2290 838 2327 rana
848 2274 1013 2327 efficaciora.
1045 2274 1075 2326 Si
1087 2274 1189 2326 cariosi

393 2356 423 2400 et
434 2347 532 2399 foetidi
549 2352 623 2407 sunt,
643 2353 752 2399 tentam
763 2345 791 2395 in
803 2345 884 2395 furno
896 2347 1005 2396 arefieri
1019 2360 1067 2411 per
1080 2350 1191 2396 noctem

394 2419 582 2483 praecipiunt:
601 2423 698 2481 postca
709 2414 871 2467 tantundem
883 2413 951 2465 salis
963 2413 1036 2475 addi,
1058 2420 1141 2479 atque
1152 2415 1191 2464 ita

393 2486 499 2538 fricari.
528 2483 666 2553 linhydris
678 2492 819 2535 vocatura
830 2483 946 2536 Graecis
957 2486 1071 2536 colubra
1082 2483 1110 2534 in
1120 2498 1193 2551 aqua

394 2556 500 2606 virens.
537 2555 630 2606 Huius
641 2561 758 2620 quatuor
770 2555 892 2606 dentium
904 2554 1095 2621 superioribus
1107 2553 1134 2603 in
1146 2552 1193 2604 do·

395 2624 457 2675 lore
469 2624 643 2689 superiorum
654 2624 781 2691 gingivas
791 2623 960 2686 scarificant,
975 2622 1138 2675 inferiorum
1149 2622 1192 2671 in·

394 2692 553 2745 ferioribas.
590 2692 681 2758 Aliqui
694 2692 802 2765 ⁸canino
823 2699 1047 2745 tentamentum
1069 2690 1192 2743 contenti

395 2769 470 2814 sunt.
506 2762 663 2813 Utunturet
677 2777 836 2814 cancrorum
852 2764 963 2817 maeret
983 2777 1047 2815 nam
1058 2761 1192 2813 muricum

395 2831 463 2883 cinis
475 2829 662 2882 dentifricium
681 2839 731 2883 est.

429 2897 542 2950 Xlel.
561 2898 697 2951 Lichenas
710 2907 738 2951 at
749 2900 841 2967 lepras
855 2901 934 2953 tollit
945 2903 1029 2967 adeps
1039 2898 1121 2950 rituli
1133 2912 1190 2949 nra·

394 2969 466 3019 rini:
490 2981 681 3020 muraenarum
702 2970 773 3021 cinis
793 2986 855 3021 cum
874 2971 967 3024 meliis
989 2968 1080 3021 obolis
1091 2969 1192 3020 ternis:

362 3082 369 3091 .
394 3038 473 3088 iecur
486 3037 644 3098 pastinacae
655 3040 683 3088 in
695 3038 756 3089 olen
769 3038 929 3090 decoctum:
950 3037 1133 3106 hippocampi,
1143 3041 1192 3087 aut

395 3101 520 3169 delphini
534 3103 603 3154 cinis
622 3119 655 3153 ea
667 3121 737 3171 nque
748 3106 845 3159 illitus.
881 3107 1140 3160 Eahulcerationem
1153 3120 1194 3156 se·

397 3173 444 3239 qui
456 3170 539 3222 debet
550 3174 666 3232 curatio,
677 3187 747 3238 quae
760 3174 888 3238 perducit
897 3176 931 3224 ad
943 3177 1109 3225 cicatricem.
1128 3174 1194 3236 Qui·

396 3241 460 3292 dam
472 3237 593 3306 delphini
605 3243 680 3292 iecur
691 3240 717 3291 in
729 3242 808 3292 fictili
822 3249 938 3302 torrent,
956 3240 1043 3292 donec
1054 3240 1194 3307 pinguitu-

397 3310 433 3362 do
445 3311 546 3362 similis
562 3309 626 3362 oleo
642 3309 719 3371 flant,
740 3326 773 3361 ac
793 3316 959 3377 perungunt.
994 3309 1131 3360 Maricam
1151 3306 1195 3358 vel

396 3380 606 3448 conchyliorum
618 3386 706 3431 testae
717 3381 786 3430 cinis
798 3379 921 3431 maculas
930 3379 958 3430 in
967 3376 1038 3431 facie
1048 3378 1193 3429 mulierum

397 3460 498 3517 purgat
510 3465 571 3500 eunt
586 3448 668 3500 melle
678 3449 774 3510 illitus,
788 3455 933 3517 cutemque
942 3455 1048 3516 erugat,
1058 3445 1195 3499 extendit·

397 3532 452 3583 que
472 3517 595 3582 septenis
616 3516 713 3567 diebus
735 3517 833 3579 illitus,
855 3519 895 3568 ita
911 3524 943 3567 ut
965 3525 1063 3568 octavo
1076 3514 1194 3566 candido

397 3600 513 3636 avorum
525 3585 678 3636 foveantur.
714 3585 848 3636 Maricam
861 3586 970 3651 generis
981 3590 1059 3645 sunt,
1068 3590 1139 3650 qa'ae
1148 3597 1195 3634 ro·

399 3659 464 3702 cant
476 3652 575 3702 Graeci
588 3649 721 3712 coluthia,
732 3655 781 3703 alii
793 3651 931 3719 curythia,
946 3654 1089 3705 turbinata
1098 3667 1195 3717 aeque,

398 3718 447 3770 sed
459 3718 566 3768 ntinora
578 3718 675 3779 multo,
693 3720 849 3771 efficaciora
859 3723 954 3783 etiam,
972 3731 1001 3773 et
1012 3722 1068 3774 oris
1079 3721 1195 3772 halitum

399 3784 595 3839 custodientia.
632 3784 826 3853 lchthyocolla
837 3798 936 3854 erugat
948 3798 1049 3851 eutem,
1060 3790 1195 3841 extendit-

398 3870 461 3923 que,
473 3854 500 3905 in
513 3868 584 3921 aqua
594 3853 709 3906 decocta
718 3855 795 3907 horis
806 3864 933 3923 quatuor,
955 3858 1018 3908 dein
1029 3864 1154 3918 contusa,
1166 3863 1195 3908 et

401 3927 517 3975 subacta
532 3924 568 3975 ad
579 3923 717 3989 liquorem
729 3938 816 3991 usqae
837 3925 935 3976 mellis.
972 3926 1016 3976 lta
1030 3932 1196 3993 praeparata

397 3999 427 4047 in
441 4008 506 4045 rose
521 4008 593 4044 noro
611 3992 747 4055 conditur,
767 4000 795 4045 et
807 3991 835 4043 in
852 4009 903 4044 usu
920 4000 1040 4061 quatuor
1056 3993 1195 4046 drachmis

398 4066 460 4117 eius
471 4062 553 4114 binae
563 4061 713 4129 sulphuris,
724 4071 753 4114 et
762 4062 900 4114 anchusae
915 4063 1040 4127 totidem,
1055 4070 1119 4115 octo
1131 4079 1194 4130 spu·

398 4150 461 4186 mae
471 4139 620 4254 argenteae
632 4131 781 4194 adduntur,
800 4148 968 4201 aspersaque
979 4148 1051 4200 aqua
1066 4139 1196 4185 teruntur

398 4218 462 4256 una.
522 4203 547 4253 ic
567 4203 640 4253 illita
656 4200 744 4253 facies
757 4208 819 4268 post
830 4209 952 4270 quatuor
962 4203 1044 4257 horas
1060 4202 1195 4255 abluitur.

397 4272 531 4325 Medetur
541 4278 570 4324 et
582 4271 707 4338 lentigini
719 4270 873 4339 ceterisque
882 4272 970 4335 vitiis,
988 4288 1023 4324 ex
1034 4272 1144 4324 ossibus
1155 4288 1197 4324 se·

398 4343 505 4456 piarum
527 4341 604 4392 cinis.
642 4340 716 4393 idem
729 4348 758 4392 et
768 4356 865 4393 carnes
881 4349 1071 4395 excrescentes
1081 4341 1158 4393 tollit
1168 4348 1196 4393 et

420 4409 513 4459 umida
527 4409 648 4462 hulcera.
683 4409 787 4462 Paucas
799 4411 874 4462 tollit
890 4426 957 4463 rana
978 4411 1095 4462 decocta
1109 4410 1139 4461 in
1150 4410 1198 4462 he·

399 4475 484 4526 minis
495 4478 615 4544 quinque
625 4492 715 4543 aquae
726 4479 863 4533 mansuer
873 4481 992 4548 excoqui
1003 4480 1094 4544 dehet,
1107 4479 1197 4533 donec

400 4543 438 4593 sit
449 4545 604 4599 crassitudo
616 4547 718 4597 mellis.

437 4610 481 4661 Pit
494 4611 520 4660 in
532 4617 600 4666 mari
612 4624 641 4667 et
661 4614 845 4681 halcyonenm
867 4617 1046 4684 appellatum,
1067 4634 1101 4671 er
1113 4618 1195 4679 nidis,

400 4688 432 4729 at
444 4680 529 4744 aliqui
539 4683 711 4745 existimant,
729 4683 894 4752 halcyonum
906 4693 934 4738 et
944 4702 1075 4754 ceycums
1092 4694 1124 4738 ut
1137 4688 1196 4749 alii,

401 4747 554 4799 asardihus
569 4765 728 4815 spumarum
748 4756 995 4807 crassescentibus:
1015 4755 1075 4817 alii,
1091 4756 1196 4818 elinro,

400 4815 444 4867 rel
457 4814 574 4880 quadam
592 4821 676 4872 maris
691 4822 833 4890 lanugine.
870 4824 1066 4885 Quntuoreius
1080 4838 1194 4891 generat

401 4886 540 4965 cirtereum
552 4886 680 4950 spissum,
691 4890 785 4944 odoris
798 4891 902 4959 asperi:
924 4894 1041 4946 alterum
1054 4893 1148 4956 molle,
1160 4893 1197 4945 le-

400 4968 471 5013 ¹¹¹¹¹⁸r
482 4952 567 5005 odore
578 4953 638 5007 lere
648 4959 740 5023 algae:
754 4963 866 5011 tertiam
879 4962 1050 5015 candidioris
1064 4964 1197 5016 vermicu-

401 5023 436 5073 li:
454 5029 581 5088 quartam
598 5026 783 5090 pumicosias,
802 5031 938 5097 spongiae
958 5047 992 5083 ue
1006 5031 1083 5099 putri
1097 5031 1196 5083 simile.

401 5093 493 5144 Paene
504 5103 682 5158 purpureum,
701 5097 774 5161 quod
785 5101 928 5164 optimum,
968 5116 1002 5153 oc
1013 5108 1042 5153 et
1055 5100 1196 5151 Milesium

401 5169 527 5213 vocatur.
546 5160 609 5221 Quo
619 5162 762 5215 candidius
774 5176 875 5229 autem,
889 5167 940 5220 hoc
951 5171 1041 5221 minus
1055 5169 1197 5235 probabile

402 5239 452 5281 est.
491 5229 541 5282 Vis
552 5242 658 5287 eurum,
668 5237 699 5279 ut
709 5230 899 5295 eahulcerent,
910 5246 1037 5305 purgent
1053 5266 1064 5275 ·
1076 5238 1145 5291 Usus
1157 5246 1198 5289 to·

401 5300 562 5351 stisetsine
574 5296 645 5349 oleo.
682 5298 756 5350 Mire
773 5299 875 5365 lepras,
898 5305 1032 5371 lichenas,
1051 5307 1198 5375 lentigines

401 5369 505 5421 tollunt
515 5382 576 5419 curn
588 5365 691 5434 lupino,
704 5374 733 5419 et
743 5367 883 5436 sulphuris
895 5372 1002 5426 duobus
1014 5375 1113 5428 obolis.
1131 5377 1199 5426 lial·

401 5452 510 5503 cycneo
521 5443 639 5489 utuntur
649 5444 677 5489 et
687 5436 721 5489 ad
734 5437 877 5489 oculorum
888 5441 1044 5497 cicatrices.
1072 5445 1198 5497 Andreas

400 5506 435 5555 ad
448 5507 539 5573 lepras
562 5508 654 5559 cancri
675 5507 770 5560 cinere
785 5521 846 5557 cum
863 5506 926 5558 oleo
937 5524 1003 5560 risus
1014 5522 1070 5564 estr
1091 5514 1198 5567 Attalus

400 5572 498 5638 thynni
510 5576 594 5642 adipe
604 5580 709 5630 recenti
720 5575 754 5630 ad
766 5576 823 5628 nris
836 5575 956 5626 hulcera.

1271 478 1399 532 xxvm.
1416 479 1578 531 Maenurnm
1591 479 1694 541 muria,
1714 486 1743 531 et
1753 480 1877 547 capitum
1893 485 1964 536 cinis
1975 492 2034 537 caut

1237 548 1320 601 melle
1329 555 1412 600 sanat
1423 556 1554 601 strumas.
1590 547 1676 617 Pungi
1689 551 1773 615 piscis
1784 551 1853 615 eius,
1867 555 1914 620 qui
1925 570 1997 606 rana
2006 557 2035 605 in

1237 619 1307 670 mari
1319 618 1487 685 appellatur,
1507 616 1628 667 cauculo
1641 618 1763 679 scauda,
1779 620 1820 671 ita
1831 628 1861 672 ut
1875 638 1930 674 noa
1941 624 2035 676 ruine·

1237 696 1289 750 ret,
1312 687 1434 755 prodest.
1470 686 1812 753 ldfacicadamquotidie,
1834 690 2033 759 donscpercu·
2058 714 2064 723 ·

1237 764 1342 809 rentur.
1362 756 1468 809 Eadem
1480 756 1521 806 sis
1532 762 1560 807 et
1570 755 1730 821 pastinacae
1740 756 1826 820 radio,
1838 768 1865 811 et
1877 761 1968 826 lepori
1979 776 2036 813 ma·

1236 828 1299 878 rino
1310 828 1458 892 imposito,
1478 825 1519 876 ita
1534 830 1565 875 ut
1579 824 1708 875 celeriter
1718 837 1922 883 removeantur:
1944 829 2038 882 echini

1238 897 1320 948 testis
1331 895 1456 947 ctrntasis
1468 901 1497 947 et
1507 908 1540 945 ex
1553 899 1633 945 aceto
1646 893 1741 945 illitis:
1757 896 1821 946 item
1833 898 2038 965 scolopendrae

1237 966 1362 1017 marinas
1373 979 1388 1013 c
1399 962 1497 1017 melle:
1519 977 1620 1015 canoro
1633 962 1763 1014 fluviatili
1774 966 1894 1017 contrito
1904 967 1950 1019 rel
1964 983 2038 1020 cost-

1237 1035 1321 1085 busto
1334 1048 1368 1085 ea
1378 1032 1471 1085 melle.
1498 1032 1617 1083 Mirifice
1628 1040 1745 1098 prosunt
1755 1040 1785 1084 et
1794 1037 1888 1101 sepiae
1899 1051 1964 1088 ossa
1976 1053 2036 1089 curn

1238 1104 1361 1171 axungia
1371 1109 1465 1154 retere
1477 1108 1593 1153 contusa
1603 1110 1631 1152 et
1641 1102 1725 1152 illita.
1750 1101 1797 1153 Sic
1808 1106 1882 1156 etad
1893 1107 2035 1173 parotidas

1239 1180 1365 1232 utantur,
1375 1179 1404 1222 et
1414 1173 1489 1222 sauri
1502 1171 1587 1238 piscis
1598 1172 1700 1221 marini
1712 1172 1888 1225 iocineribus.
1924 1178 1996 1240 Quin
2007 1184 2035 1229 et

1238 1243 1321 1295 testis
1334 1239 1394 1292 cadi
1405 1239 1610 1291 salsamentarii
1632 1241 1701 1291 tusis
1717 1254 1778 1291 cum
1798 1244 1921 1310 axungia
1932 1252 2033 1308 vetere,

1238 1311 1429 1376 muricamquc
1440 1309 1535 1361 maere
1546 1313 1580 1360 dx
1587 1309 1649 1360 oleo
1657 1310 1692 1360 ad
1700 1310 1845 1375 parotidas
1852 1318 2033 1380 strumasque.

1239 1382 1324 1449 Rigor
1335 1381 1448 1431 cervicis
1459 1378 1586 1430 mollitur
1602 1379 1730 1442 marinis,
1750 1382 1797 1446 qui
1811 1380 1929 1446 pediculi
1940 1398 2035 1434 racan-

1239 1448 1433 1511 tar,drachma
1443 1455 1523 1514 pota:
1535 1456 1663 1500 castoreo
1674 1457 1741 1514 poto
1752 1464 1812 1500 cunt
1826 1451 1920 1519 pipere
1927 1466 1961 1501 ea
1970 1452 2034 1502 mul·

1240 1535 1272 1571 so
1281 1519 1369 1569 mixto
1381 1517 1456 1569 ranis
1465 1517 1589 1569 decoctis
1600 1531 1634 1568 ex
1645 1516 1709 1570 oleo
1722 1525 1750 1570 et
1761 1518 1829 1580 sale,
1847 1526 1878 1570 ut
1889 1522 2034 1572 sorbeatur

1240 1602 1347 1638 saccae
1363 1586 1410 1638 Sic
1421 1594 1450 1638 et
1460 1585 1639 1653 opisthotono
1650 1587 1805 1659 medentur.
1815 1597 1845 1639 et
1856 1595 1964 1640 tatano:
1976 1604 2034 1655 spa·

1240 1656 1320 1708 sticis
1332 1669 1398 1705 vero
1410 1655 1504 1720 pipere
1514 1656 1635 1708 adiecto.
1670 1658 1793 1726 Angiuas
1811 1672 1970 1709 maenarum
1981 1659 2033 1710 sal-

1240 1739 1333 1776 sarum
1346 1738 1380 1775 ex
1391 1723 1527 1788 capitibus
1538 1726 1606 1776 einis
1625 1740 1660 1777 ex
1669 1727 1752 1778 melle
1763 1726 1852 1778 illitus
1864 1727 1972 1777 abolet:
1993 1742 2034 1779 ra·

1242 1807 1337 1843 narum
1359 1792 1535 1843 decoctarum
1555 1806 1590 1843 ex
1612 1799 1694 1844 aceto
1711 1809 1822 1845 macas:
1843 1793 1887 1845 hic
1902 1803 1929 1847 et
1939 1802 2034 1847 centn

1241 1861 1369 1914 tonsillas
1391 1859 1514 1927 prodest.
1551 1861 1650 1911 Cancri
1667 1860 1815 1915 numatius
1826 1864 1884 1914 triti
1895 1865 1996 1931 singuli
2006 1866 2033 1915 in

1242 1931 1378 1983 heminam
1399 1944 1487 1996 aquae
1506 1930 1616 1996 anginis
1628 1930 1967 1999 medenturgargarisati:
1988 1943 2035 1985 aat

1241 2000 1341 2059 anino,
1361 2005 1390 2049 et
1409 1998 1500 2049 calida
1519 2014 1592 2064 aqua
1612 2003 1680 2065 poti.
1717 2001 2034 2069 Uraenredetargarura

1241 2067 1432 2121 cochlearibus
1442 2066 1593 2120 subditam.
1620 2068 1722 2120 Vocem
1734 2070 1813 2121 siluri
1825 2077 1963 2135 recentes,
1980 2069 2033 2122 sal·

1242 2140 1310 2198 sire,
1322 2137 1352 2187 in
1364 2136 1425 2188 cibo
1437 2137 1521 2187 sunttr'
1534 2136 1677 2189 adiuvant.

1242 2248 1246 2259 .
1277 2206 1377 2256 xxiii.
1389 2206 1562 2259 vomitiones
1575 2207 1654 2257 nrulli
1664 2207 1810 2259 inveterati
1820 2208 1938 2275 tritique
1947 2207 1976 2259 in
1987 2221 2035 2275 po·

1243 2278 1320 2328 tione
1332 2275 1482 2327 concitant.
1511 2274 1677 2343 suspiriosis
1687 2284 1814 2341 castorea
1824 2293 1885 2328 cum
1900 2279 2035 2330 Hammo·

1244 2345 1316 2397 niuei
1328 2347 1427 2412 exigua
1439 2346 1567 2409 portione
1579 2360 1611 2395 cx
1623 2352 1700 2396 aceto
1709 2348 1796 2396 malso
1807 2346 1908 2396 ieiunia
1919 2347 2037 2398 utilissi-

1244 2430 1289 2467 ma
1299 2422 1376 2482 potu.
1412 2413 1517 2465 Eadem
1537 2414 1614 2481 potio
1629 2429 1751 2479 spasmos
1761 2412 1897 2466 stomachi
1907 2415 1992 2465 sedat
2004 2429 2038 2468 ex

1244 2491 1324 2537 aceto
1336 2482 1426 2534 mulso
1438 2483 1537 2535 calido.
1548 2483 1658 2534 ‘l'ussim
1669 2498 1766 2535 sanare
1778 2483 1906 2534 dicuntur
1917 2484 2037 2548 piscium

1244 2554 1328 2606 modo
1348 2569 1365 2605 u
1386 2554 1447 2605 iure
1459 2553 1592 2604 decoctae
1603 2554 1631 2604 in
1641 2553 1743 2619 patinis
1752 2567 1845 2604 ranae.
1881 2551 2037 2618 Suspensas

1244 2631 1335 2675 autem
1356 2623 1481 2689 pedibus,
1501 2638 1562 2674 cam
1574 2622 1758 2674 destillaverit
1776 2622 1805 2672 in
1817 2624 1941 2689 patinam
1952 2623 2038 2672 salira

1245 2708 1349 2753 earum,
1372 2693 1526 2744 exenterari
1546 2693 1685 2754 iubentur,
1705 2690 2036 2757 abiectisquainteraneis

1246 2761 1362 2813 condiri.
1387 2761 1438 2812 Est
1449 2776 1518 2812 rana
1528 2775 1614 2827 parra
1624 2761 1750 2813 arborem
1760 2760 1904 2820 scandens,
1914 2769 1996 2826 atque
2005 2773 2037 2812 ex

1246 2848 1280 2883 ea
1289 2829 1462 2882 vociferans:
1477 2831 1505 2879 in
1517 2827 1598 2881 huius
1608 2845 1640 2881 os
1650 2834 1673 2882 si
1685 2831 1746 2898 quis
1757 2838 1882 2896 exspuat,
1897 2830 2037 2896 ipsamque

1246 2901 1386 2961 demittat,
1406 2900 1477 2949 tussi
1500 2898 1613 2950 liberari
1635 2907 1773 2951 narratur.
1810 2899 1990 2965 Praecipiunt
2009 2905 2037 2950 et

1246 2967 1375 3021 cochleae
1386 2967 1487 3018 crudae
1499 2981 1609 3019 carnem
1630 2970 1727 3020 tritam
1743 2969 1838 3021 bibere
1849 2981 1884 3019 ea
1893 2982 1965 3034 aqua
1975 2965 2038 3019 caii·

1245 3038 1281 3088 da
1292 3037 1319 3087 in
1330 3036 1400 3087 tussi
1410 3040 1533 3087 cruenta.

1280 3105 1368 3157 XXX.
1386 3104 1518 3157 iocineris
1530 3103 1673 3156 doloribus
1684 3104 1794 3171 scorpio
1805 3104 1925 3156 marinus
1935 3103 1963 3153 in
1973 3102 2037 3154 vino

1246 3180 1370 3235 necatur,
1380 3179 1411 3224 ut
1421 3173 1486 3224 inde
1495 3173 1613 3225 bibatur.
1644 3172 2039 3242 Cunchaelongnecarnesex

1246 3240 1337 3290 mulso
1357 3247 1519 3306 puteacum
1538 3257 1620 3308 aqua,
1641 3243 1815 3309 parimodo:
1835 3249 1895 3303 aut,
1915 3243 1939 3292 si
1949 3241 2039 3293 febres

1246 3309 1310 3370 siut,
1323 3322 1357 3359 ex
1369 3323 1440 3375 aqua
1449 3308 1547 3357 mulsa.
1580 3310 1693 3363 Lateris
1705 3311 1817 3363 dolores
1829 3312 1936 3363 leniant
1947 3308 2041 3376 hippo·

1246 3377 1336 3443 campi
1355 3378 1427 3428 tosti
1446 3379 1540 3438 sumti,
1561 3379 1710 3446 tetheaque
1725 3380 1826 3432 similis
1838 3386 1931 3432 ostreo
1942 3379 1970 3429 in
1981 3379 2041 3429 ciho

1246 3453 1349 3498 sumta:
1370 3445 1599 3507 ischiadicorum,
1619 3450 1709 3497 muria
1718 3449 1795 3500 siluri
1805 3448 1928 3515 clystere
1937 3445 2040 3499 infusa.

1246 3516 1356 3566 Dantur
1376 3522 1469 3567 autern
1491 3513 1611 3565 conchae
1625 3517 1711 3567 ternis
1722 3517 1811 3569 obolis
1831 3517 1938 3570 dilutw
1949 3519 1978 3568 ia
1987 3514 2042 3567 vini

1246 3584 1377 3636 sextariis
1388 3583 1497 3635 duobus
1508 3597 1557 3649 per
1567 3582 1626 3635 dies
1637 3584 1803 3650 quindecim.

1281 3654 1382 3705 xxiii.
1401 3653 1498 3704 Alvum
1511 3653 1617 3704 emollit
1626 3653 1728 3705 silurus
1740 3670 1756 3706 e
1766 3656 1833 3717 iure,
1843 3660 1871 3707 et
1882 3654 2002 3721 torpedo
2013 3652 2042 3705 in

1248 3722 1318 3773 cibo.
1356 3721 1394 3773 Et
1403 3722 1464 3774 olus
1476 3724 1611 3772 marinum
1624 3722 1714 3773 simile
1724 3725 1826 3774 sativo:
1837 3723 1985 3775 stomacho
1996 3722 2043 3774 ini·

1247 3792 1358 3852 micum,
1369 3791 1460 3843 alvum
1472 3791 1605 3842 facillime
1615 3797 1725 3856 purgat:
1741 3789 1789 3841 sed
1801 3797 1916 3856 propter
1927 3792 2044 3842 acrimo-

1247 3861 1321 3910 niam
1332 3873 1393 3910 cam
1405 3861 1500 3927 pingui
1512 3876 1594 3911 corne
1604 3859 1738 3925 coquitur.
1748 3858 1785 3909 Et
1791 3857 1912 3908 omnium
1921 3860 2043 3924 piscium

1247 3928 1298 3978 ias.
1335 3928 1409 3979 idem
1422 3936 1450 3980 et
1460 3930 1555 3981 urinas
1567 3932 1628 3990 ciet,
1638 3944 1653 3980 e
1663 3929 1728 3978 vino
1739 3927 1866 3978 maxime.
1897 3928 2042 3993 Optimum

1248 4012 1264 4048 e
1275 3998 1466 4063 scorpionibus
1476 4006 1504 4050 et
1516 3999 1611 4061 iulide,
1622 4004 1650 4050 et
1659 3997 1835 4058 saxatilibus,
1854 4011 1906 4047 nec
1915 3996 1994 4047 tirus
2003 4011 2044 4048 re·

1247 4066 1420 4132 sipientihus.
1446 4068 1533 4134 coqui
1543 4068 1644 4119 debent
1655 4082 1715 4119 curn
1728 4065 1840 4127 anetho,
1850 4065 1924 4132 apio,
1937 4066 2043 4118 cuman·

1248 4135 1305 4197 dro,
1318 4151 1411 4202 porro,
1424 4137 1528 4189 additis
1539 4137 1601 4189 olen
1613 4143 1642 4189 et
1653 4138 1721 4190 sale.
1734 4137 1856 4203 Purgant
1866 4142 1895 4186 et
1906 4134 1988 4202 cybia
1998 4149 2042 4186 re·

1247 4212 1317 4267 tera,
1329 4207 1513 4272 privatimque
1524 4206 1689 4268 cruditates,
1704 4207 1831 4272 pituitam
1843 4204 1978 4270 bilemque
1989 4210 2044 4254 tra·

1248 4271 1323 4326 hunt.
1336 4274 1461 4342 Purgant
1471 4282 1501 4327 ct
1512 4289 1633 4342 myaces,
1644 4290 1762 4342 quorum
1774 4281 1873 4327 natura
1885 4280 1946 4325 tota
1955 4273 1985 4324 in
1993 4269 2043 4323 hoc

1248 4344 1310 4395 ioco
1323 4344 1437 4395 dicetur.
1469 4346 1639 4398 ricemantur
1650 4345 1783 4396 maricam
1794 4344 1886 4405 morlo,
1896 4344 2043 4407 vivuntque

1247 4412 1276 4464 in
1289 4412 1403 4480 algosis,
1424 4414 1576 4478 gratissimi
1595 4423 1738 4475 autumno,
1758 4422 1787 4464 et
1799 4410 1944 4464 ubimulta
1955 4409 2042 4462 dulcis

1248 4496 1320 4548 aqua
1331 4483 1464 4534 miscetur
1475 4484 1558 4543 mari,
1579 4481 1614 4533 ab
1625 4482 1653 4533 id
1672 4484 1699 4533 in
1710 4485 1837 4550 Aegypta
1849 4478 2042 4534 laudatissimi.

1249 4550 1420 4604 Procedente
1430 4549 1528 4613 hieme,
1548 4552 1760 4604 amaritudinem
1774 4549 1896 4612 trahunt,
1908 4547 2042 4600 colorem-

1248 4634 1301 4685 que
1312 4621 1434 4672 rubram.
1469 4622 1578 4673 Horum
1599 4621 1644 4671 ius
1656 4622 1777 4672 traditur
1795 4620 1886 4670 alvum
1899 4616 2043 4670 etresicat

1247 4689 1400 4751 exinanire,
1420 4690 1564 4742 interanea
1579 4688 1762 4769 destringere,
1783 4688 1876 4739 omnia
1892 4685 2043 4752 adaperire,

1247 4772 1330 4810 renes
1341 4772 1469 4826 purgare,
1481 4774 1529 4809 san
1570 4761 1641 4808 inem
1653 4757 1815 4822 adipemque
1826 4754 1961 4806 minuere.
1993 4754 2043 4804 lta·

1249 4842 1301 4892 quc
1311 4827 1449 4877 utilissimi
1461 4832 1524 4876 sunt
1554 4825 1705 4891 ydropicis,
1716 4823 1862 4873 mulierum
1874 4822 2044 4890 purgationi·

1246 4896 1310 4954 bus,
1330 4895 1426 4944 morbo
1439 4897 1524 4960 regio,
1544 4892 1717 4951 articulario,
1737 4888 1941 4942 inflationibus.
1979 4894 2044 4943 item

1248 4961 1381 5030 prodesse
1392 4960 1477 5023 fellis,
1486 4958 1614 5028 ptuitae,
1633 4959 1781 5026 pulmonis,
1791 4958 1933 5022 iocineris,
1944 4959 2045 5027 splenis

1247 5030 1331 5091 titiis,
1342 5027 1558 5082 rheumatismis.
1579 5030 1685 5081 Fauces
1696 5034 1804 5079 tantum
1815 5035 1926 5091 nexant,
1936 5042 2045 5081 rocem·

1248 5113 1301 5166 que
1312 5097 1475 5150 obtundunt.
1508 5099 1633 5150 ilulcera
1643 5111 1713 5163 quae
1724 5104 1847 5164 serpant,
1857 5103 1907 5148 aut
1917 5098 1975 5148 sint
1984 5111 2047 5163 pur·

1249 5166 1351 5235 ganda,
1360 5174 1474 5220 sanant:
1496 5169 1562 5219 item
1577 5169 1772 5218 carcinomata
1808 5168 1929 5218 Cremati
1941 5173 2046 5228 autem,

1248 5244 1280 5288 ut
1291 5236 1416 5297 murices,
1432 5244 1461 5289 et
1471 5251 1580 5287 monas
1592 5251 1689 5287 canum
1700 5233 1896 5302 hominumque
1907 5250 1967 5286 cum
1980 5233 2046 5286 arei·

1248 5305 1285 5367 le,
1296 5305 1396 5372 lepras,
1406 5305 1560 5372 lentigines.
1581 5305 1639 5357 Cir*
1773 5304 1782 5312 '
1807 5311 1812 5320 ’
1838 5304 2048 5355 ·emendatca·

1249 5374 1359 5440 ligines,
1380 5375 1555 5443 gingivarum
1568 5380 1598 5427 et
1884 5371 2054 5456 *adonw

1250 5447 1355 5497 tultae:
1371 5445 1588 5511 etcontradory
1900 5439 1923 5480 *i
2064 5488 2071 5509 ,

1250 5513 1311 5564 doti
1331 5513 1418 5564 vicem
1440 5514 1576 5565 obtinent.

1249 5582 1277 5631 in
1293 5581 1413 5644 mitulos,
1434 5583 1480 5650 qui
1493 5582 1572 5636 sulen
