4330 6014
366 325 406 385 48
513 322 544 379 C.
580 317 722 379 l'LlNll
758 305 967 375 SECUNDl
1004 308 1168 369 NATUll.
1202 308 1389 371 utsl‘olt.
1425 306 1507 368 ara.
1541 308 1585 368 ll.
1629 308 1724 367 CAP.
1748 312 1883 370 Osi-dd.

1222 459 1334 515 dubitet
1351 460 1380 511 ia
1401 458 1487 513 litore
1507 458 1567 512 ulle
1589 457 1742 513 accessisse
1764 473 1828 519 eas,
1849 472 1903 526 quo
1925 416 2035 529 longia
2094 522 2105 541 Ι

366 472 487 532 seelera,
508 466 663 537 caedesque
674 463 789 519 etbella
799 459 934 515 tendunt:
954 473 1093 527 quamque
1108 472 1171 511 sas·

365 543 452 609 guina
463 545 560 591 nostro
569 537 731 606 irrigamus,
749 530 897 598 insepultis
913 530 1021 581 ossibus
1040 528 1169 596 tegimus.

369 611 475 676 Quibus
495 615 606 669 tamen,
634 605 710 657 velut
731 602 901 667 exprobrato
921 600 1034 660 furore,
1056 597 1168 649 tandem

367 681 475 748 ipsese
497 677 628 736 obducit,
648 682 677 726 et
696 671 803 723 seelera
822 683 930 737 quoque
945 667 1104 718 mortalium
1125 683 1170 719 ue·

269 748 288 758 ”
368 749 466 802 euitat.
483 748 558 799 later
578 744 695 796 erinriua
716 741 818 809 ingrati
834 740 919 790 animi
930 743 958 790 et
971 735 1022 788 hoc
1033 736 1169 799 duxerim,

369 818 440 886 quod
458 826 584 867 naturam
599 813 660 863 eius
670 813 840 877 ignoramus.

402 883 500 938 bxtv.
520 885 571 934 Est
582 889 677 933 autem
695 881 783 947 ligura
794 876 897 943 prima,
920 874 956 926 de
976 889 1030 941 qua
1052 889 1165 925 consen·

366 953 535 1008 srrsirrdieat.
554 951 656 1003 Orbem
669 955 745 1002 certe
756 946 872 999 dicimus
884 951 985 1006 terrae,
1001 944 1169 1012 globumque

354 1020 630 1077 mansionariorum
642 1019 770 1071 latemur.
797 1016 893 1083 Neque
905 1015 981 1067 enim
994 1014 1116 1065 absoluti
1127 1027 1169 1064 or·

364 1090 570 1151 biaestforma,
590 1092 617 1141 in
637 1094 717 1139 tanta
736 1086 872 1138 montium
895 1083 1069 1144 excelsitate,
1091 1090 1170 1133 tanta

365 1175 525 1227 camporum
545 1159 678 1226 planitie:
699 1155 749 1207 sed
768 1158 847 1207 euius
867 1153 1019 1220 amplexus,
1037 1153 1062 1202 si
1077 1151 1169 1218 capita

366 1232 500 1283 linearum
516 1225 783 1294 comprehendantur
795 1223 909 1285 ambitu,
924 1223 1041 1291 liguram
1058 1221 1168 1274 absolu·

363 1301 389 1352 ti
409 1300 486 1352 orbis
506 1297 625 1351 efficiat:
645 1296 673 1348 id
691 1294 765 1362 qued
779 1295 843 1362 ipsa
861 1309 952 1345 rerum
964 1298 1079 1343 naturae
1092 1291 1169 1356 cogit

365 1369 449 1432 ratio,
470 1382 525 1419 non
545 1366 648 1418 eisdem
669 1364 771 1429 causis,
790 1379 858 1431 quas
877 1362 1024 1415 attulimus
1041 1363 1067 1412 in
1079 1359 1169 1412 eaelo.

282 1452 285 1459 ’
365 1437 529 1504 Numquam
540 1436 589 1487 illo
602 1450 670 1488 cava
681 1437 750 1487 inse
765 1432 930 1486 convexitas
940 1431 1046 1499 vergit,
1063 1435 1094 1482 et
1110 1444 1170 1481 ear·

365 1509 492 1568 1111111,
511 1504 565 1557 hec
579 1513 631 1568 est,
647 1515 748 1567 terrae,
768 1502 889 1569 undique
909 1501 1055 1553 incumbit.
1081 1499 1169 1561 llaec,
1191 1532 1192 1535 =

366 1586 398 1629 ut
411 1575 598 1643 solidaatque
620 1575 753 1636 conlecta,
775 1572 904 1639 assurgit,
924 1570 1120 1623 intumescenti
1135 1573 1169 1620 si·

365 1646 452 1707 milis,
482 1651 617 1714 extraque
637 1642 823 1712 protenditur.
849 1642 971 1693 Mundus
992 1641 1021 1691 in
1042 1647 1168 1692 centrum

364 1715 467 1781 vergit:
488 1721 519 1767 at
536 1722 613 1767 terra
623 1715 682 1767 exit
697 1721 837 1774 accurro,
859 1715 1021 1762 immensum
1035 1712 1094 1761 eius
1106 1709 1167 1778 glo·

364 1786 429 1837 bum
439 1785 468 1834 in
478 1782 597 1836 formam
609 1783 685 1835 orbis
696 1783 810 1835 assidua
820 1783 894 1834 circa
913 1795 974 1834 eam
985 1779 1082 1831 mundi
1091 1778 1168 1831 volu·

279 1856 287 1867 ’
363 1855 473 1906 bilitate
485 1860 613 1922 cogente.

398 1923 485 1977 LXV.
503 1925 603 1991 ingens
614 1921 661 1975 hic
672 1936 764 1990 pugna
773 1921 931 1981 literarum,
948 1925 1099 1984 contraque
1109 1916 1168 1968 rul-

364 1994 405 2061 gi:
425 1993 610 2045 circumfundi
626 1991 857 2059 terraeundique
869 1988 1003 2049 homines,
1014 1989 1166 2038 concersis·

363 2079 416 2129 que
433 2067 504 2115 inter
523 2078 553 2115 se
570 2061 686 2130 pedibus
702 2070 787 2125 stare,
808 2070 837 2113 et
854 2059 960 2111 cunctis
975 2057 1094 2108 similem
1107 2072 1167 2108 esse

364 2132 435 2185 caeli
445 2131 594 2195 verticem,
616 2148 649 2183 ae
661 2131 750 2182 simili
767 2131 850 2182 modo
865 2144 899 2181 111
913 2142 1075 2196 quacunque
1088 2135 1167 2191 parte

365 2202 484 2253 arediam
501 2201 618 2254 caletui:
640 2201 693 2253 illo
704 2204 875 2267 quaerente,
896 2213 946 2250 cur
967 2212 1022 2248 non
1037 2195 1167 2248 decidant

363 2280 461 2325 centra
479 2271 542 2335 siti3
563 2279 695 2337 tanquam
716 2285 771 2321 non
784 2269 858 2321 ratio
869 2273 981 2334 praesto
993 2266 1045 2330 sit,
1064 2271 1095 2316 ut
1116 2281 1167 2316 nos

362 2356 419 2394 nen
440 2340 568 2394 decidere
588 2341 724 2391 mirentur
743 2339 795 2391 illi.
835 2336 987 2391 intervenit
1009 2336 1167 2395 sententia,

362 2410 489 2479 quamvis
500 2410 612 2462 indocili
625 2409 775 2476 probabilis
786 2407 900 2473 turbae,
919 2406 1062 2473 inaequali
1072 2404 1167 2473 globo,

255 2500 264 2516 ⁸
362 2479 566 2549 utsisitligura
579 2480 675 2546 pineae
685 2476 959 2543 nucis,nihiluminus
972 2484 1074 2527 terram
1087 2474 1165 2525 uadi·

361 2563 415 2616 que
434 2549 529 2601 incoli.
558 2549 614 2602 Sed
630 2547 697 2631 quid
718 2546 770 2600 hoc
782 2546 869 2599 refert
880 2547 938 2598 alie
950 2545 1086 2596 miraculo
1098 2560 1165 2595 exo·

263 2658 268 2669 .
359 2618 473 2670 rientel
495 2621 616 2686 pendere
636 2633 737 2684 ipsam,
758 2632 791 2669 ac
810 2633 865 2669 nou
885 2616 985 2668 cadere
1007 2615 1166 2665 nobiscum:

360 2702 410 2738 eeu
431 2688 545 2753 spiritus
566 2689 622 2749 vis,
643 2685 746 2739 mundo
767 2685 931 2753 praesertim
952 2684 1062 2747 inclusi,
1084 2683 1168 2735 dubia

359 2754 413 2807 sit:
438 2764 488 2809 aut
509 2758 598 2824 possit
617 2756 726 2820 eadere,
747 2763 849 2808 natura
868 2761 1051 2823 repugnante,
1073 2760 1166 2820 etque

360 2824 459 2887 eadat,
480 2833 609 2894 negante.
638 2826 708 2879 Nam
729 2829 804 2878 sieut
822 2826 930 2892 ignium
950 2824 1032 2877 sedes
1048 2838 1104 2875 nou
1124 2829 1167 2875 est

360 2894 416 2945 nisi
427 2895 456 2945 ia
468 2895 585 2962 ignibus,
605 2911 738 2962 aquarum
758 2896 813 2947 nisi
831 2896 859 2950 in
880 2893 968 2961 aquis,
990 2893 1105 2960 spiritus
1123 2891 1166 2943 ni·

361 2962 386 3015 si
398 2962 426 3014 in
448 2965 568 3030 spiritu:
590 2964 630 3016 ita
641 2974 742 3026 terrae,
763 2965 922 3019 arcentibus
935 2963 1051 3023 cunctis,
1071 2962 1125 3014 nisi
1138 2960 1166 3010 in

359 3047 400 3095 se,
419 3032 498 3085 locus
515 3050 569 3085 non
590 3042 643 3085 est.
661 3035 784 3085 Globum
806 3040 899 3083 tannen
912 3030 983 3083 effici
1003 3031 1103 3081 mirum
1115 3036 1166 3091 est,

358 3102 390 3152 iu
401 3106 483 3153 tanta
494 3102 613 3168 planitie
623 3105 717 3165 maris,
737 3115 961 3168 camporumque.
991 3099 1043 3151 Cui
1055 3104 1165 3149 senten·

359 3170 419 3223 tiae
437 3170 520 3224 adest
533 3168 732 3233 Dicaearchus,
750 3171 794 3220 vir
814 3173 843 3221 in
860 3170 957 3235 primis
968 3167 1103 3228 eruditus,
1124 3181 1166 3219 re·

360 3255 426 3307 gum
438 3256 505 3293 cura
517 3253 677 3305 permensus
697 3246 821 3300 orontes,
842 3252 878 3289 ex
889 3236 987 3306 quibus
998 3235 1164 3287 altissimum

360 3308 487 3377 prodidit
507 3308 617 3373 Pelion,
638 3308 739 3361 MCCL
761 3323 900 3375 passuum,
921 3306 1032 3358 ratione
1051 3320 1166 3372 perpen-

359 3380 454 3443 diculi,
475 3379 580 3432 nullam
592 3395 654 3432 esse
670 3379 899 3446 compartionem
911 3376 1058 3426 universae
1071 3381 1165 3425 rotun·

360 3450 458 3502 ditatis
478 3448 621 3515 colligens.
649 3447 722 3500 Mihi
741 3448 850 3499 ineerta
873 3444 943 3496 haec
953 3443 1064 3495 videtur
1075 3443 1167 3495 cunie-

359 3518 456 3578 ctatio,
478 3515 550 3568 baud
571 3520 670 3582 ignaro
688 3515 822 3582 quosdam
838 3512 947 3580 Alpium
957 3513 1087 3575 vertices,
1106 3512 1165 3563 lon·

358 3600 395 3654 go
407 3591 509 3645 tractu,
528 3600 580 3636 nee
599 3584 727 3637 breviore
743 3582 947 3650 quinquaginta
966 3581 1089 3634 millibus
1104 3596 1166 3648 pas-

359 3669 438 3705 suum
460 3650 619 3718 amurgam:
652 3652 709 3706 Sed
729 3650 813 3719 vulgo
836 3653 961 3705 maxima
981 3649 1051 3704 haee
1073 3665 1166 3719 pugna

358 3730 410 3784 est,
432 3722 458 3772 11
480 3729 606 3773 coactam
624 3721 653 3773 in
667 3721 797 3775 verticem
810 3736 945 3791 aquarum
966 3736 1076 3790 quoque
1097 3723 1165 3788 figu-

357 3806 417 3843 ram
428 3789 542 3843 eredere
553 3798 678 3857 cogatur.
707 3794 792 3859 Atqui
809 3808 865 3843 uon
885 3792 961 3843 aliud
973 3792 1001 3841 in
1012 3806 1105 3843 rerum
1118 3807 1164 3842 na-

357 3869 424 3914 tura
444 3867 558 3926 aspectu
577 3860 761 3914 manifestius.
789 3861 915 3929 Namque
935 3867 963 3912 et
975 3859 1164 3928 dependentes

356 3930 460 3997 ubique
480 3936 580 3997 guttae
592 3931 685 3997 parvis
695 3931 847 4000 globantur
862 3930 995 3984 orbibus:
1016 3938 1045 3982 et
1055 3931 1165 3998 pulveri

356 3999 464 4062 illatae,
486 4000 680 4067 frondiumque
697 4001 825 4070 lanugini
845 4001 1013 4067 impositae,
1035 4001 1165 4054 absoluta

357 4069 533 4123 rotunditate
545 4076 708 4122 cernuntur:
730 4080 759 4124 et
779 4073 807 4122 in
818 4070 926 4137 poculis
945 4071 1061 4137 repletis
1073 4070 1165 4123 media

358 4141 616 4192 maximorument:
638 4156 709 4207 quae
723 4148 839 4209 propter
859 4139 1048 4192 subtilitatem
1065 4138 1162 4192 humo·

357 4210 407 4272 ris,
425 4209 630 4276 mollitiamque
640 4210 670 4260 in
680 4226 712 4263 se
722 4209 899 4271 residentem,
920 4209 1164 4273 roboratoribus,

358 4293 441 4345 quani
460 4280 540 4343 visu,
570 4277 823 4346 deprehenduntur.
862 4277 949 4345 ldque
969 4280 1053 4331 ctiam
1075 4281 1164 4347 magis

359 4347 477 4409 mirum,
498 4349 528 4400 in
548 4350 659 4415 poculis
678 4350 807 4419 repletis,
828 4348 924 4400 addite
945 4348 1060 4400 hunrore
1082 4350 1163 4401 mini·

291 4434 298 4447 .
359 4430 404 4465 nro
416 4415 607 4470 circumfluere
623 4418 697 4485 quod
710 4419 842 4486 supersit:
863 4424 964 4470 contra
973 4419 1084 4470 euenire
1096 4435 1164 4487 pon·

283 4499 290 4515 ·
359 4484 472 4535 cleribus
491 4485 596 4538 additis
615 4487 650 4538 ad
662 4490 776 4541 vicenos
792 4503 877 4555 saepe
888 4487 1035 4539 alcharius:
1057 4489 1164 4543 scilicet

258 4600 260 4604 .
359 4550 426 4621 quia
442 4553 519 4604 intus
540 4563 654 4622 recepta
673 4558 809 4626 liquorem
829 4558 858 4608 in
879 4559 1011 4609 verticem
1024 4559 1164 4620 attollant,

359 4621 510 4675 atcumulo
531 4624 669 4676 eminente
690 4627 781 4679 inlusa
796 4626 966 4679 dilabantur.
997 4627 1100 4681 Eadem
1120 4635 1163 4681 est

358 4707 463 4754 eausa,
483 4700 698 4759 propterquam
719 4695 866 4748 anavibus
892 4705 968 4748 terra
988 4712 1044 4748 non
1065 4712 1162 4749 cerna·

359 4769 414 4823 tur,
434 4762 575 4813 suavium
597 4762 677 4814 malis
697 4763 860 4830 conspicua:
880 4781 914 4818 ae
926 4766 1022 4832 procul
1035 4766 1163 4819 receden-

358 4838 388 4882 te
400 4829 521 4896 navigio,
542 4830 568 4882 si
586 4830 662 4899 quid,
683 4832 757 4900 quod
772 4831 890 4900 fulgeat,
911 4835 1085 4902 religeturin
1096 4834 1163 4888 unali

358 4898 508 4962 marmiae,
526 4900 660 4967 paulatim
672 4900 840 4954 descendere
861 4902 998 4968 videatur,
1019 4911 1048 4957 et
1060 4913 1164 4972 postre-

253 5024 258 5031 .
358 4982 404 5019 mo
432 4969 598 5021 occultetur.
626 4970 753 5038 Denique
780 4970 920 5034 Oceanus,
940 4987 1021 5040 quem
1040 4974 1163 5029 latemur

357 5036 496 5100 ultimum,
518 5054 637 5106 quanam
650 5040 706 5091 alia
718 5043 808 5108 ligura
818 5039 991 5104 cohaereret,
1012 5052 1096 5112 atquc
1108 5062 1163 5097 non

357 5105 515 5170 decideret,
533 5108 610 5161 nullo
627 5110 703 5163 ultra
722 5108 847 5177 margine
867 5109 1045 5165 includente!
1069 5116 1161 5181 lpsum

356 5175 386 5227 id
406 5175 441 5229 ad
461 5177 625 5230 miraculum
646 5179 736 5244 redit,
766 5194 886 5246 quonam
915 5179 1018 5245 modo,
1051 5186 1161 5237 etiamsi

355 5245 497 5314 globetur,
507 5254 661 5299 extremum
672 5264 727 5300 non
740 5248 850 5302 decidat
861 5263 946 5301 niara.
965 5251 1070 5305 Contra
1080 5256 1162 5322 quod,

355 5322 388 5367 ut
397 5315 455 5367 11111
464 5315 548 5382 plana
558 5318 657 5380 marias,
673 5324 702 5370 et
713 5334 768 5385 qua
778 5318 908 5372 ridentur
917 5319 1017 5388 ligura,
1034 5338 1089 5374 non
1102 5339 1162 5391 pos·

305 5394 308 5400 ‘
354 5383 427 5437 said
440 5385 578 5449 accidere,
593 5401 695 5454 magno
706 5402 758 5440 sue
771 5387 885 5457 gaudio,
904 5404 1060 5460 magnaque
1070 5394 1163 5461 gloria

354 5454 514 5508 inventores
534 5454 635 5508 Graeci
665 5457 822 5511 subtilitate
847 5460 1020 5541 geometrica
1051 5461 1161 5516 docent.

354 5522 482 5593 Namque
504 5539 567 5578 cum
581 5541 597 5579 e
609 5525 722 5578 sublimi
742 5526 915 5582 ininterrora
925 5545 1013 5597 aquae
1023 5530 1161 5597 terantur,

354 5599 385 5647 st
403 5596 441 5647 sit
459 5593 529 5649 base
542 5601 645 5650 natura
663 5611 759 5650 earum
780 5596 923 5652 mutasse:
943 5615 994 5655 nee
1014 5600 1161 5668 quisquam

1222 531 1291 584 sime
1313 528 1457 583 devexitas
1479 544 1561 597 passa
1581 531 1635 581 sit:
1659 528 1757 595 procul
1777 527 1863 578 dubio
1884 543 2028 595 apparere,

1222 616 1276 669 quo
1293 600 1358 668 quid
1375 598 1507 651 humilius
1527 599 1574 661 sit,
1596 598 1710 681 propius
1723 602 1818 649 centro
1841 612 1902 649 esse
1918 605 2028 651 terrae:

1222 685 1372 736 ursinusque
1393 670 1496 731 lineas,
1518 682 1588 734 quae
1612 673 1778 719 eouttuntur
1799 682 1834 719 ex
1853 682 1887 719 ee
1910 666 1945 719 ad
1968 683 2029 735 pru·

1221 743 1311 791 11111111
1332 754 1428 805 aquas,
1448 740 1591 791 breviores
1608 737 1677 798 lieri,
1697 752 1777 805 quarn
1799 751 1870 804 quae
1889 735 1925 789 ad
1936 744 2029 793 extre·

1223 824 1296 861 nrum
1308 825 1384 861 orare
1403 807 1526 875 aprimis
1538 807 1626 874 aquis.
1653 807 1728 873 Ergo
1739 814 1826 868 totas,
1844 806 1973 875 onrrriqua
1993 822 2027 859 es

1223 888 1302 945 parte
1314 893 1400 946 aquas
1411 891 1525 943 vergere
1537 881 1563 927 in
1576 883 1698 929 centrum
1712 895 1718 927 1
1740 875 1858 944 ideoque
1880 890 1935 928 nen
1957 875 2028 930 deei-

1224 948 1298 1008 dere,
1315 948 1446 1014 queniam
1461 947 1489 998 in
1500 946 1636 999 interiora
1646 946 1779 998 nitantur.

1256 1016 1357 1070 Lavi.
1378 1016 1458 1078 Quod
1481 1019 1520 1067 ita
1540 1016 1676 1068 lornrasse
1696 1014 1798 1067 artilex
1819 1013 1928 1067 Natura
1950 1015 2028 1067 credi

1223 1088 1320 1148 debet,
1353 1093 1384 1136 ut
1403 1102 1464 1136 cum
1484 1091 1563 1137 terra
1583 1084 1661 1136 1111111
1682 1093 1710 1136 11
1733 1085 1807 1135 sicca
1827 1090 1955 1136 constare
1977 1098 2027 1151 per

1222 1171 1253 1207 se
1264 1172 1296 1207 ac
1306 1155 1366 1207 sine
1378 1153 1493 1206 hunrora
1505 1171 1559 1207 rien
1571 1161 1674 1222 posset,
1688 1170 1738 1205 nec
1752 1168 1848 1205 rursus
1858 1160 1934 1205 stare
1945 1168 2025 1221 sque,

1223 1226 1279 1277 nisi
1295 1228 1451 1276 sustinente
1464 1233 1547 1285 terra,
1567 1236 1663 1276 mutue
1683 1223 1806 1290 implexa
1827 1222 2027 1289 iungerentur3

1222 1295 1275 1346 hac
1292 1297 1368 1345 sinus
1389 1293 1536 1361 pandente,
1556 1294 1606 1347 illa
1616 1309 1683 1345 rere
1697 1298 1856 1360 permeante
1866 1299 1965 1354 tetam,
1986 1295 2027 1343 in·

1222 1372 1276 1428 tra,
1298 1370 1391 1427 extra,
1412 1378 1509 1430 supra,
1529 1365 1621 1427 venis,
1642 1370 1676 1414 ut
1697 1361 1823 1423 vinculis,
1844 1361 2025 1414 discurrenti·

1221 1435 1292 1489 bus:
1314 1441 1398 1501 atque
1419 1436 1504 1486 etiam
1516 1434 1544 1484 in
1557 1432 1671 1484 summis
1687 1432 1760 1502 iugis
1770 1439 1950 1498 erumpente:
1971 1446 2026 1499 que

1222 1505 1322 1571 spiritu
1338 1511 1402 1556 acta
1422 1511 1450 1555 et
1471 1512 1563 1555 terrae
1577 1503 1701 1571 pondere
1716 1516 1857 1569 expressa,
1878 1500 2025 1569 siphonum

1222 1573 1304 1625 rrroclo
1318 1576 1438 1627 emicat:
1460 1580 1624 1640 tantumque
1645 1589 1662 1625 a
1680 1572 1804 1639 periculo
1820 1556 1968 1623 decidendi
1979 1571 2026 1623 ab·

1221 1651 1275 1706 est,
1296 1650 1326 1694 ut
1338 1644 1366 1694 in
1378 1658 1486 1694 suornm
1495 1658 1620 1711 quaeque
1630 1652 1659 1697 et
1670 1642 1807 1695 altissima
1818 1642 1939 1693 exsiliat
1964 1640 2026 1703 Qua

1220 1712 1332 1785 ratione
1343 1713 1519 1765 manifestum
1532 1721 1675 1780 est,quarc
1683 1712 1873 1763 totiluminum
1883 1711 2024 1779 quotidia-

1219 1798 1257 1837 ne
1275 1799 1387 1836 accessu
1410 1783 1498 1834 naaria
1514 1798 1570 1833 non
1592 1788 1725 1835 crescant.
1754 1782 1804 1832 Est
1823 1780 1949 1848 igiturin
1962 1787 2025 1835 tete

1219 1869 1271 1905 suo
1282 1853 1367 1921 globo
1378 1853 1461 1905 tellus
1474 1852 1565 1904 medio
1576 1852 1683 1904 ambitu
1694 1852 1853 1918 praecincta
1862 1850 2025 1904 eircumllue

1220 1925 1299 1974 muri.
1317 1924 1375 1975 Nec
1387 1923 1557 1990 argumentis
1573 1920 1626 1975 1111
1645 1921 1878 1989 imestigandum,
1898 1921 1947 1973 sed
1968 1921 2024 1973 iam

1221 2009 1256 2046 es
1277 1992 1421 2045 erimantis
1433 1993 1585 2059 cognitum.

1254 2009 1367 2114 dxvii.
1390 2064 1411 2114 A
1434 2060 1576 2125 Gadibus,
1598 2059 1790 2129 columnisque
1813 2059 1953 2123 Herculis,
1976 2060 2026 2112 lli·

1220 2132 1335 2199 spaniae
1346 2138 1377 2185 et
1389 2130 1547 2184 Galliarum
1558 2130 1686 2193 circuitu,
1697 2137 1774 2182 totus
1785 2128 1868 2184 hodie
1879 2129 2026 2197 navigatur

1220 2200 1362 2254 occidens.
1381 2199 1625 2268 Septemtrionalis
1636 2215 1702 2252 vero
1716 2202 1856 2263 Oceanus,
1872 2200 1979 2252 nraiore
1990 2213 2025 2251 ex

1219 2278 1300 2339 parte
1312 2271 1459 2339 navigatus
1470 2277 1521 2331 est,
1542 2270 1675 2338 auspiciis
1687 2269 1751 2321 Divi
1761 2271 1888 2338 Augusti,
1908 2269 2024 2323 Germa·

1220 2343 1293 2392 niam
1304 2341 1394 2392 classe
1405 2340 1591 2393 circumvecta
1606 2339 1641 2391 ad
1654 2340 1826 2391 Cimbrorum
1840 2338 2026 2405 promontori-

1220 2425 1277 2462 um:
1301 2410 1414 2462 atinde
1436 2410 1573 2466 iorroenso
1593 2410 1665 2460 mari
1691 2418 1860 2477 prospecto,
1881 2417 1932 2460 aut
1949 2409 2027 2463 isara

1220 2482 1347 2547 cognitu,
1368 2476 1403 2530 ml
1424 2478 1584 2547 Scythicam
1606 2479 1737 2546 plagam,
1759 2485 1788 2531 et
1808 2477 1922 2531 humore
1938 2478 2026 2530 11111111

1219 2550 1347 2617 rigentia.
1375 2547 1493 2616 Propter
1505 2548 1579 2615 quod
1600 2549 1713 2599 1111111111
1732 2548 1885 2601 verisimile
1905 2548 2026 2601 estillic

1219 2622 1309 2671 maria
1329 2618 1456 2681 delicere,
1478 2620 1526 2669 ubi
1546 2617 1668 2669 humoris
1686 2618 1728 2668 ris
1750 2627 1873 2684 superet.
1891 2617 2025 2671 latrare·

1220 2691 1298 2742 roob
1319 2693 1383 2739 ortu
1396 2704 1429 2741 ex
1444 2688 1539 2741 lodice
1560 2689 1638 2750 arari,
1660 2689 1711 2740 sub
1733 2688 1831 2739 eodem
1849 2688 1940 2740 sidere
1961 2701 2025 2754 pars

1220 2766 1283 2811 teta
1300 2774 1417 2826 tergens
1437 2758 1465 2808 in
1477 2758 1606 2826 Caspium
1618 2773 1703 2818 mare,
1715 2759 1898 2824 pernavigata
1909 2764 1951 2809 ast
1961 2756 2023 2807 Ma·

1219 2828 1355 2882 sedunum
1376 2827 1471 2890 aroris,
1491 2827 1607 2881 Seleuco
1624 2836 1707 2895 atque
1727 2824 1864 2879 Antiocho
1886 2824 2026 2894 regnanti·

1219 2898 1280 2960 bns,
1302 2898 1349 2964 qui
1369 2906 1397 2949 et
1406 2896 1555 2949 Seleucida
1570 2906 1656 2965 atque
1670 2894 1839 2948 Antiochida
1855 2899 1889 2948 ab
1901 2896 1968 2963 ipsis
1979 2908 2026 2963 ap·

1219 2967 1320 3033 pellani
1331 2967 1456 3017 voluere.
1486 2968 1567 3018 Circa
1577 2966 1706 3031 Caspium
1719 2979 1828 3030 quoque
1839 2966 1927 3017 multa
1937 2966 2023 3017 Ocea·

1218 3037 1248 3087 ni
1258 3037 1345 3087 litera
1355 3036 1517 3100 explorata,
1539 3048 1679 3100 parvoque
1692 3033 1816 3094 brevius,
1837 3047 1919 3098 quam
1938 3039 2026 3093 totus,

1219 3103 1282 3156 hine
1303 3109 1353 3154 aut
1371 3103 1449 3154 illinc
1473 3100 1642 3168 septemtrio
1663 3100 1841 3167 eremigntus.
1873 3099 1915 3151 Ut.
1931 3105 2027 3155 tanuen

1219 3174 1394 3225 coniecturae
1416 3171 1506 3223 locum
1518 3172 1559 3222 sie
1570 3185 1679 3236 quoque
1690 3185 1745 3221 non
1757 3168 1907 3235 relinquat,
1927 3169 2026 3236 ingens

1218 3247 1410 3309 argumentum
1422 3239 1531 3309 paludis
1543 3239 1711 3303 Maeoticae,
1721 3241 1779 3291 sire
1790 3254 1824 3291 ea
1834 3238 1909 3290 illius
1921 3238 2027 3293 Oceani
2091 3256 2098 3267 ·

1218 3312 1296 3362 sinus
1312 3323 1363 3372 est,
1379 3317 1411 3361 ut
1429 3310 1532 3361 multos
1552 3308 1670 3362 adverto
1682 3308 1841 3370 credidisse,
1860 3308 1922 3361 sive
1939 3323 2026 3376 angu-

1218 3385 1263 3432 sto
1280 3378 1396 3431 discreti
1417 3380 1678 3446 siturestagnatio.
1705 3379 1768 3431 Alio
1790 3377 2025 3443 latereOadiunn

1217 3450 1253 3502 ab
1273 3449 1371 3501 eedem
1391 3448 1546 3510 occidente,
1567 3465 1670 3517 aragon
1691 3464 1755 3516 pars
1778 3447 1925 3501 meridiani
1946 3449 2025 3500 sinus

1218 3517 1326 3572 ambitu
1339 3519 1527 3571 Mauritaniae
1541 3519 1690 3585 navigatur
1701 3517 1793 3570 hodie.
1810 3518 1947 3570 Maiorem
1967 3519 2026 3583 qui·

1217 3589 1283 3641 dem
1294 3588 1354 3639 eius
1365 3592 1484 3655 partem,
1500 3596 1529 3639 ct
1540 3588 1671 3650 Orientis,
1691 3589 1824 3639 uictoriae
1834 3587 1930 3656 Magni
1941 3587 2023 3641 alex·

1218 3657 1299 3710 andri
1320 3657 1490 3721 lustravere,
1513 3672 1600 3723 usque
1611 3657 1639 3708 in
1650 3658 1797 3709 Arabicum
1809 3659 1908 3709 sinum.
1928 3654 1957 3706 ln
1970 3671 2024 3722 quo

1218 3742 1263 3781 res
1274 3732 1388 3794 gerente
1405 3728 1435 3779 G.
1447 3727 1567 3779 Caesare
1579 3728 1698 3793 Augusti
1718 3728 1793 3789 lilio,
1813 3727 1893 3796 signa
1911 3726 2022 3778 navium

1219 3812 1254 3850 es
1273 3796 1508 3863 Hispaniensibus
1530 3795 1682 3863 naufragiis
1702 3797 1832 3849 teruntur
1853 3797 1955 3865 agnita.
1985 3797 2024 3848 111

1218 3867 1329 3927 Hanno,
1345 3864 1521 3932 Carthaginis
1533 3868 1662 3933 potentia
1675 3865 1801 3929 florente,
1822 3866 2025 3919 circumvectus

1218 3935 1370 3989 aOadibus
1381 3934 1416 3986 ad
1428 3936 1511 3988 linem
1522 3936 1651 3999 Arabiae,
1665 3935 1873 4004 navigationem
1886 3951 1945 3988 eam
1957 3949 2023 4001 pro-v

1219 4005 1292 4056 didit
1312 4005 1430 4072 scripto:
1457 4006 1530 4058 sicut
1551 4006 1587 4058 ad
1610 4012 1709 4059 extera
1728 4007 1859 4073 Europae
1883 4003 2025 4059 noscenda

1218 4077 1319 4127 11111111
1341 4074 1439 4127 eodem
1459 4082 1587 4143 tempore
1609 4076 1739 4129 Himilco.
1768 4074 1921 4128 Praeterea
1930 4073 2024 4140 Nepos
2052 4104 2061 4109 ·

1218 4143 1363 4197 cornelius
1373 4150 1533 4207 auctorest,
1552 4145 1700 4198 Eudoxum
1713 4146 1848 4213 quendam
1860 4159 1911 4195 sua
1919 4149 2023 4204 aetate,

1218 4229 1279 4267 cum
1291 4213 1552 4282 Lethurumregem
1570 4213 1691 4283 lugeret,
1711 4214 1831 4267 Arabico
1853 4216 1913 4265 sinu
1930 4226 2025 4302 egres·

1216 4299 1289 4347 sum,
1308 4282 1403 4339 Gaulos
1424 4299 1513 4353 usque
1527 4292 1704 4350 perrectum:
1725 4282 1868 4350 multoque
1880 4288 1945 4334 ante
1960 4297 2024 4333 eum

1217 4354 1328 4423 Caelius
1339 4355 1496 4421 Antipater,
1512 4355 1665 4419 vidissase,
1687 4354 1735 4422 qui
1750 4355 1910 4422 navigasset
1930 4367 1964 4411 en
1974 4351 2025 4405 111·

1216 4426 1316 4491 spania
1328 4424 1356 4474 111
1365 4422 1539 4491 Aethiopiam
1551 4425 1709 4477 commercii
1721 4426 1823 4491 gratia.
1842 4423 1917 4476 ldem
1930 4421 2023 4487 Nepos

1219 4495 1254 4546 de
1273 4495 1495 4561 septemtrionali
1518 4494 1636 4547 circuitu
1657 4494 1757 4557 tradit,
1778 4494 1883 4556 Quinte
1905 4489 2022 4548 Metelle
2079 4536 2085 4545 .

1217 4563 1318 4626 Celeri,
1340 4563 1374 4614 L.
1390 4564 1499 4617 Afranii
1519 4564 1547 4614 in
1568 4563 1720 4622 Consulatu
1743 4562 1877 4628 collegae,
1893 4560 1943 4610 sed
1963 4566 2021 4610 tum

1217 4632 1330 4685 Galliae
1341 4633 1510 4698 proconsuli,
1522 4632 1605 4683 ludos
1616 4648 1633 4685 11
1643 4646 1710 4697 rege
1721 4631 1875 4682 Succorum
1887 4627 1960 4679 dono
1972 4628 2024 4680 da-

1217 4707 1272 4763 tos,
1294 4701 1343 4768 qui
1359 4716 1394 4752 ex
1409 4702 1489 4753 ludia
1500 4699 1660 4751 commercii
1672 4714 1758 4751 causa
1769 4699 1942 4765 navigantes,
1955 4704 2023 4749 tem·

1210 4768 1373 4837 'pestatibus
1388 4775 1482 4821 1111111
1495 4768 1522 4818 in
1533 4768 1710 4820 Germaniam
1726 4767 1846 4833 abrepti.
1875 4768 1921 4820 Sic
1934 4767 2024 4819 maria

1216 4838 1384 4891 circumfusa
1394 4837 1516 4903 undique
1531 4836 1643 4887 dividuo
1660 4837 1744 4905 globo
1755 4843 1864 4906 partem
1882 4837 1958 4889 orbis
1975 4851 2023 4887 au·

1215 4905 1310 4960 lerunt
1331 4905 1424 4959 uobis:
1446 4920 1497 4959 nec
1515 4906 1580 4958 inde
1602 4904 1674 4970 hue,
1695 4923 1747 4960 nec
1766 4906 1832 4959 hine
1850 4904 1903 4957 illo
1924 4906 2021 4970 pervio

1216 4984 1318 5030 tractu.
1347 4977 1426 5039 Quae
1438 4976 1636 5043 contemplatio
1656 4985 1722 5045 apta
1732 4975 1907 5043 detegendae
1918 4982 2022 5027 mortu·

1215 5046 1284 5100 lium
1295 5046 1421 5111 vanitati,
1440 5060 1555 5113 poscere
1573 5045 1691 5110 videtur,
1710 5053 1742 5099 ut
1756 5053 1846 5099 tetum
1863 5042 1925 5107 hoc,
1945 5043 2024 5112 quid·

1216 5116 1282 5185 quid
1302 5122 1354 5179 est
1376 5116 1404 5168 io
1418 5130 1474 5183 quo
1485 5115 1603 5184 siugulis
1614 5114 1766 5169 nihilsatis
1786 5121 1843 5179 est,
1863 5114 2024 5168 1111111111·

1216 5185 1400 5247 etumoeulis,
1419 5192 1552 5254 quantum
1567 5187 1607 5237 sit
1624 5187 1779 5241 1111111111.

1251 5254 1378 5308 vattr.
1395 5255 1453 5307 lam
1470 5258 1588 5321 primum
1600 5256 1627 5307 in
1647 5256 1765 5309 dimidio
1777 5255 1937 5325 computari
1948 5253 2021 5305 ride-

1215 5334 1271 5389 tur,
1288 5332 1421 5392 tunquam
1442 5324 1519 5378 nulla
1540 5326 1635 5393 portio
1654 5326 1708 5394 ipsi
1730 5326 1876 5381 decidatur
1897 5327 2020 5377 Oceano:

1216 5395 1264 5463 qui
1282 5401 1344 5447 teto
1362 5394 1548 5448 circumdatus
1567 5394 1669 5461 medio,
1689 5403 1717 5449 et
1733 5413 1831 5451 omncs
1843 5404 1951 5451 ceteras
1960 5391 2024 5445 iun·

1215 5465 1284 5517 dens
1305 5463 1498 5532 recipiensque
1512 5479 1608 5532 aquas,
1627 5473 1657 5519 et
1672 5467 1806 5538 quidquid
1817 5469 1875 5520 exit
1884 5465 1913 5517 in
1924 5461 2020 5523 nubes,

1215 5550 1250 5587 ac
1269 5534 1363 5587 sidera
1383 5534 1445 5600 ipsa
1465 5540 1556 5587 tot-et
1571 5542 1667 5590 tautae
1687 5535 1885 5609 magnitudinis
1895 5546 2021 5600 pascent,

1216 5618 1270 5672 que
1283 5602 1396 5657 tandem
1413 5603 1605 5672 amplitudinis
1619 5612 1711 5676 spatio
1731 5608 1859 5663 medetur
1873 5598 2020 5656 1111111101
