4356 6014
370 284 428 345 198
509 280 541 342 C.
576 280 721 341 Palm!
754 273 958 338 SECUNDI
989 269 1156 335 NATUR.
1191 267 1617 371 tits'iolt'utarxvt.
1650 269 1743 365 Cdl’.
1765 269 1881 330 stu-75.

369 439 413 487 est
431 431 549 497 reditus,
569 429 719 484 minorisve
737 423 880 494 impendii,
900 427 950 477 aut
967 426 1169 492 tempestatum

368 517 504 624 affl}
522 567 650 622 Tertium
669 563 761 613 locum
783 560 810 614 ei
831 561 861 612 in
879 561 1074 614 aestimatione
1093 558 1169 612 ruris

368 643 440 694 Cato
453 638 592 697 attribuit,
611 630 789 700 prioremque
800 642 881 696 quam
893 631 1015 693 olivetis,
1031 644 1168 699 quumque

369 711 517 769 frumento,
538 710 588 755 aut
603 703 704 767 pratis:
726 714 778 751 nec
792 701 857 766 quia
873 699 965 752 desint
981 698 1168 753 aliavinculu.

368 778 510 847 Siquidem
520 780 549 826 et
559 771 731 839 genistarum
744 770 848 836 populi,
859 774 888 820 et
896 770 973 834 Mmi,
984 776 1013 823 et
1023 785 1072 837 san
1094 767 1169 837 uinci

362 848 499 909 frutices,
514 825 685 901 etbetullae,
707 844 736 889 et
746 838 853 891 arundo
866 839 941 901 lissa,
962 847 990 892 et
1002 834 1071 892 arun
1093 852 1168 888 inum

368 910 446 975 lolia,
468 910 537 961 utin
549 907 674 974 Liguria,
697 912 726 960 et
736 907 801 959 vitis
812 910 882 975 ipsa,
901 908 1053 976 recisisque
1063 905 1168 960 aculeis

367 984 430 1037 rubi
444 979 572 1046 alligant,
592 982 621 1029 et
636 979 742 1029 intorta
753 978 881 1044 corylus.
916 978 1084 1044 Mirumque,
1103 990 1167 1027 oon·

367 1060 430 1103 tuso
444 1047 519 1116 ligno
529 1045 614 1097 alicui
626 1047 748 1097 maiores
759 1045 795 1098 ad
806 1045 919 1097 vincula
929 1062 990 1099 esse
1001 1046 1086 1097 vires.
1119 1043 1168 1096 Sa·

367 1121 415 1173 lici
425 1124 520 1170 tamen
532 1115 682 1183 praecipua
692 1115 753 1166 dos.
788 1112 919 1167 Finditur
933 1115 1043 1168 Graeca
1053 1115 1167 1166 rubensz

249 1180 257 1197 ’
366 1187 512 1243 candidior
521 1185 664 1247 Amerina,
684 1183 733 1235 sed
744 1184 826 1251 paulo
838 1182 979 1252 fragilior,
999 1184 1064 1235 ideo
1075 1181 1167 1234 solido

366 1261 530 1329 ligutnexu.
567 1254 1023 1320 lnAsiatriageneraobserrant.
1042 1251 1166 1318 Nigrum,

313 1342 316 1375 2
366 1329 510 1381 utiliorem
523 1324 687 1377 viminibus:
706 1321 849 1374 candidam
860 1322 1046 1389 agricolarum
1054 1322 1167 1374 usibus:

366 1393 806 1462 tertiam,quaebrevissimaest,
826 1391 941 1459 helicem
954 1396 1065 1443 vocant.
1088 1389 1169 1457 Apud

365 1481 416 1520 nos
428 1480 539 1535 quoque
556 1462 638 1515 multi
653 1462 769 1513 totidem
785 1463 932 1527 generibus
948 1461 1062 1514 nomina
1082 1460 1168 1525 impo-

365 1543 449 1589 nunt:
480 1533 630 1586 vimineum
650 1536 770 1594 vocant,
800 1530 973 1597 eandemque
991 1542 1167 1596 purpuream.

365 1606 489 1659 Alteram
500 1594 642 1655 nitelinam
658 1616 676 1653 a
691 1600 795 1662 colore,
810 1600 928 1667 quaesit
940 1602 1060 1653 tenuior.
1095 1599 1166 1650 Ter·

366 1675 436 1729 tium
447 1668 595 1734 Gallicum,
616 1686 688 1739 quae
699 1669 870 1722 tenuissima.

401 1744 489 1797 Lxx.
501 1742 597 1795 Necin
610 1741 752 1802 fruticum,
766 1754 817 1791 nec
827 1739 856 1789 in
867 1738 991 1808 veprium
1003 1737 1168 1800 cauliumve,

366 1827 455 1881 neque
466 1813 495 1863 in
508 1810 665 1873 herbarum,
685 1815 734 1861 aut
745 1809 802 1861 ulio
812 1808 880 1871 ullo,
902 1822 984 1875 quam
995 1822 1047 1859 suo
1056 1821 1168 1876 genere,

365 1885 546 1938 numerentur
557 1879 617 1931 iure
627 1880 712 1949 scirpi
725 1878 841 1945 fragiles
853 1878 1055 1946 palustresque‚
1075 1875 1111 1927 ad
1128 1883 1167 1929 te·

365 1952 471 2020 guium,
490 1955 667 2019 tegetesque:
690 1948 816 2014 equibus
828 1947 957 2000 detrecto
969 1948 1083 2008 cortice,
1104 1959 1168 1997 can·

366 2022 447 2075 delae
456 2018 608 2072 luminibus
619 2025 649 2069 et
658 2017 801 2069 funeribus
810 2016 943 2070 serviunt.
979 2015 1100 2067 Firmior
1110 2014 1169 2082 qui·

364 2090 482 2143 busdam
492 2089 523 2141 in
533 2082 605 2141 locis
615 2101 713 2140 eorum
723 2085 811 2155 rigor.
847 2086 971 2153 Namque
983 2085 1017 2135 iis
1028 2084 1168 2151 yeliiicunt

364 2173 421 2212 non
433 2161 460 2211 in
477 2158 554 2213 Pado
566 2164 676 2223 tantum
689 2155 803 2218 nautici,
813 2170 908 2208 verum
918 2162 948 2207 et
959 2157 988 2206 in
998 2152 1069 2205 muri
1079 2155 1169 2220 pisce·

365 2237 413 2282 tor
423 2229 542 2291 Africus,
563 2233 745 2295 praepostero
762 2239 840 2276 niune
851 2225 915 2277 vela
924 2226 999 2276 intra
1009 2223 1097 2275 malos
1108 2238 1168 2273 sus·

364 2298 500 2375 pendens.
537 2298 573 2349 Et
584 2296 705 2362 mapalia
721 2309 772 2346 sua
787 2294 881 2346 Mauri
891 2300 1006 2362 tegunt:
1029 2292 1168 2359 proxime·

366 2383 419 2435 que
431 2367 592 2420 aestimanti
605 2363 657 2416 hoc
667 2363 815 2417 videantur
825 2378 896 2427 esse,
907 2378 960 2430 quo
970 2361 1104 2414 inferiore
1119 2360 1168 2413 Ni·

364 2438 386 2489 li
417 2436 673 2556 artepupyrisunt,
694 2448 754 2484 usu.

427 2505 502 2557 xxa
541 2503 576 2556 ed
587 2502 734 2554 frutectosi
744 2502 855 2570 generis
867 2507 930 2552 sunt
941 2502 1016 2552 inter
1026 2499 1167 2567 aquaticas

365 2582 395 2633 et
416 2575 490 2637 rubi,
510 2578 540 2624 at
560 2588 595 2624 ue
609 2571 737 2637 sambuci
755 2570 869 2638 fungosi
885 2571 1011 2637 generis:
1033 2569 1118 2622 aliter
1128 2575 1168 2621 tu·

365 2659 438 2708 men,
449 2658 530 2765 ἓιιιιιιι
542 2590 662 2696 imulas:
682 2641 783 2709 quippe
795 2640 857 2706 plus
868 2639 935 2705 ligni
948 2640 1044 2706 utique
1055 2638 1166 2690 sambu-

365 2730 409 2768 co.
476 2727 494 2764 x
511 2727 566 2779 qua
587 2712 677 2779 magis
698 2724 828 2762 canoram
850 2708 997 2760 buccinum
1016 2710 1168 2776 tubamque

366 2781 457 2837 credit
467 2788 573 2849 pastor,
583 2781 623 2834 ibi
635 2795 726 2842 caesa,
739 2778 786 2829 ubi
796 2777 937 2846 gallorum
949 2784 1060 2830 cantum
1072 2776 1167 2832 irater

364 2853 416 2905 ille
426 2868 480 2904 non
493 2850 633 2905 exaudiat.
670 2847 743 2903 liubi
752 2862 832 2900 mora
842 2846 948 2900 ferunt:
961 2847 1055 2900 etalio
1065 2862 1167 2915 genere

366 2921 578 2975 similitudinem
590 2935 682 2983 rosae,
703 2918 1063 2986 quivoeaturcynosbatos.
1099 2917 1168 2968 Ter·

335 3026 343 3037 ·
366 2992 438 3044 tium
450 3005 536 3059 genus
548 2989 663 3042 idaeum
680 2994 780 3042 vocant
791 2985 893 3041 Graeci
903 3002 921 3038 a
931 2986 1006 3039 loco.
1043 2987 1167 3038 Tenuius

367 3065 413 3113 est
432 3072 514 3125 quam
535 3064 637 3119 cetera,
658 3057 867 3125 minoribusque
891 3055 997 3123 spinis,
1029 3060 1058 3107 et
1077 3055 1167 3106 minus

366 3125 494 3179 aduncis.
530 3125 597 3178 Flos
609 3126 669 3179 eius
680 3133 779 3179 contra
790 3123 972 3193 lippitudines
990 3122 1112 3174 illinitur
1132 3139 1165 3175 es

366 3194 465 3248 melle:
486 3200 515 3246 et
524 3193 582 3261 igni
592 3209 682 3247 sacro.
719 3195 823 3247 Contra
831 3191 968 3246 stomachi
978 3206 1087 3259 quoque
1098 3192 1168 3244 vitia

367 3263 610 3330 bibiturexaqua.
647 3262 775 3316 Sambuci
793 3260 1002 3317 ncinoshabent
1022 3260 1116 3328 nigros
1127 3269 1168 3312 at·

367 3348 422 3402 qne
433 3347 544 3400 parvos,
556 3333 681 3386 humoris
692 3333 770 3397 lenti,
787 3330 937 3385 inliciendo
949 3329 1071 3384 maxime
1082 3330 1167 3398 capii·

365 3404 409 3456 lo:
429 3402 476 3469 qui
486 3409 515 3455 et
525 3401 577 3470 ipsi
589 3417 661 3469 aqua
671 3402 782 3457 decocti
793 3402 968 3454 manduntur.

402 3471 514 3524 Lxxri.
525 3472 634 3523 Humor
645 3478 674 3523 et
683 3473 782 3525 cortici
793 3470 923 3523 arborum
934 3474 986 3533 est,
996 3468 1044 3537 qui
1056 3468 1167 3535 sanguis

367 3555 465 3595 earum
476 3540 595 3608 intelligi
604 3540 697 3604 debet,
717 3541 856 3593 nunidem
869 3541 1005 3591 omnibus.
1043 3538 1118 3589 Ficis
1129 3538 1168 3589 la·

368 3615 464 3663 ciens:
482 3607 547 3661 huic
558 3608 593 3660 ad
611 3623 707 3664 casem
724 3607 884 3677 figurandos
903 3606 1014 3674 coaguli
1028 3605 1080 3657 vis.
1119 3607 1167 3657 ce·

366 3679 439 3731 rasis
450 3692 619 3745 gummosus,
639 3678 722 3730 ulmis
734 3677 887 3731 selirosus:
909 3676 1001 3727 lentus
1011 3688 1044 3725 uc
1055 3673 1167 3742 pinguia

366 3747 459 3808 malis,
477 3746 583 3799 vitibus
594 3761 627 3799 ac
638 3750 706 3813 piris
717 3760 847 3811 aquosus.
883 3741 1044 3804 Vivucioru,
1067 3743 1167 3809 quibus

365 3816 479 3871 lentior.
516 3818 605 3881 Atque
619 3815 648 3865 in
661 3821 751 3865 totum
771 3811 885 3877 corpori
899 3813 1040 3872 arborum,
1059 3811 1167 3864 utrali-

367 3900 483 3955 quorum
494 3882 664 3943 auinmlium,
686 3880 768 3941 cutis,
788 3877 910 3946 tangam
925 3893 1001 3940 caro,
1017 3879 1102 3940 nervi,
1121 3893 1167 3932 ve·

365 3971 428 4018 nae,
440 3968 513 4015 ossa,
525 3950 674 4010 medullae,
691 3963 741 4016 pro
752 3954 815 4000 cute
826 3952 931 3999 cortex.
965 3947 1080 3999 Mirum:
1103 3947 1127 3996 is
1138 3950 1165 3998 in

365 4040 446 4079 moro
458 4022 574 4076 medicis
585 4032 696 4072 succum
708 4015 916 4084 quaerentibus,
936 4030 1011 4079 vere,
1033 4014 1103 4068 lsora
1112 4014 1166 4068 diei

366 4093 500 4155 secunda,
522 4088 615 4159 lapide
632 4088 759 4141 incussus
771 4091 883 4138 nannet:
903 4087 987 4137 altius
999 4083 1104 4137 fractus
1116 4088 1167 4139 sic·

366 4179 415 4217 cus
426 4162 544 4215 videtur.
582 4157 704 4211 Proximi
715 4155 855 4224 plurisque
866 4154 979 4221 adipes:
999 4154 1020 4205 ii
1030 4161 1167 4207 vocantur

367 4249 386 4287 a
396 4232 491 4286 colore
503 4231 662 4284 alburnum:
684 4226 777 4280 mollis
789 4240 822 4277 ac
832 4225 951 4292 pessirirn
962 4237 1028 4292 pars
1036 4225 1117 4293 ligni,
1127 4232 1167 4277 et·

366 4303 423 4354 ium
438 4302 469 4353 in
482 4303 584 4354 robore
599 4298 685 4352 facile
701 4303 872 4366 putrescens,
892 4293 1014 4348 teredini
1030 4294 1167 4348 obnoxia:

367 4383 455 4438 quare
469 4384 578 4438 temper
593 4370 789 4437 amputabitur.
826 4364 928 4419 Subest
942 4362 1007 4417 huic
1028 4379 1104 4425 caro,
1125 4364 1168 4416 cui

368 4452 446 4489 ossa:
463 4436 494 4488 id
505 4446 555 4501 est,
565 4440 699 4491 materiae
710 4437 855 4504 optimum.
893 4434 1039 4487 Alternant
1049 4434 1168 4498 fructus,

368 4506 468 4573 quibus
478 4506 578 4558 siccius
593 4507 708 4576 lignum,
729 4513 761 4558 ut
777 4505 856 4560 olea:
874 4503 965 4574 mugla
976 4519 1057 4571 quum
1069 4505 1168 4571 quibus

368 4585 529 4636 carnosum,
546 4578 578 4624 ut
589 4589 709 4628 cerasus.
744 4575 803 4628 Nec
813 4576 941 4628 omnibus
953 4572 1049 4640 adipes
1060 4588 1168 4626 earnm·

366 4658 402 4695 ve
413 4641 519 4708 largae,
530 4640 614 4694 sicuti
629 4659 680 4696 nec
689 4645 848 4696 animalium
860 4643 1012 4698 acerrimis.
1033 4641 1167 4695 Neutrum

366 4710 472 4764 liabent
499 4710 598 4772 buxus,
619 4726 730 4773 cornus,
751 4713 827 4764 olea:
847 4727 898 4764 nec
920 4711 1070 4765 medullam
1090 4713 1170 4764 mini·

1222 427 1261 475 to.
1296 421 1360 475 linc
1369 419 1605 490 pretiosissimam
1614 420 1643 471 ln
1653 418 1736 482 citro,
1757 423 1787 470 et
1797 430 1889 471 acere.
1924 420 2024 473 cetera

1222 506 1379 544 mensurum
1391 504 1496 558 genera
1507 489 1732 541 lissisarboribus
1741 488 1916 542 circinantur
1924 488 1953 541 in
1964 490 2023 556 pul.

1221 575 1298 628 pam:
1317 561 1423 627 alioqui
1445 559 1556 627 fragilis
1573 564 1648 610 esset
1665 571 1735 610 vena
1755 558 1783 607 ln
1801 558 1898 610 orbem
1915 559 2024 612 arboris

1222 645 1313 683 caesa.
1349 628 1437 695 Fugit
1452 629 1576 695 pectines
1591 625 1744 679 transversi
1764 626 1794 677 in
1814 626 1909 693 pulpa.
1944 628 2024 696 Apud

1222 700 1353 767 antiquos
1364 698 1430 751 inde
1444 703 1473 749 et
1491 696 1567 749 rasis
1578 696 1678 748 honos.
1713 694 1825 748 Manius
1839 696 1938 747 Curius
1949 699 2021 750 iurn-

1220 769 1262 820 vit
1272 783 1303 820 se
1314 783 1348 822 ex
1358 767 1464 836 praeda
1474 766 1543 818 nihil
1552 766 1690 833 attigisse,
1704 770 1818 831 praeter
1826 771 1938 832 guttum
1949 766 2022 836 tagi·

1220 852 1295 901 num,
1306 852 1360 904 quo
1371 836 1549 890 sacrificaret.
1583 835 1705 902 Lignum
1716 833 1743 884 in
1755 833 1960 901 longitudinem
1971 837 2022 889 flu·

1221 912 1349 960 ematur:
1384 912 1417 957 ut
1429 919 1499 972 quue
1509 919 1574 971 pars
1585 903 1640 956 fuit
1651 903 1687 955 ab
1698 902 1802 965 radice,
1812 902 1933 955 validius
1944 905 2021 958 sidit.

1221 973 1390 1039 Quibusdam
1401 975 1557 1042 pulpusine
1574 974 1661 1034 venis,
1682 987 1759 1025 mero
1771 971 1889 1025 stamine
1905 979 1935 1025 et
1945 975 2023 1027 tenui

1221 1050 1341 1097 constat.
1378 1042 1701 1095 llaecmusimeflssiliu.
1735 1039 1799 1091 Alia
1809 1040 1899 1109 frangi
1910 1043 2023 1096 celerio-

1221 1129 1262 1175 ru,
1274 1128 1356 1181 quam
1368 1112 1551 1178 lindiquibus
1563 1112 1647 1179 pulpa
1656 1125 1711 1162 non
1723 1116 1778 1162 est:
1798 1116 1831 1160 ut
1841 1110 1932 1176 oleae,
1943 1112 2023 1167 vites.

1220 1186 1256 1237 nt
1266 1198 1281 1236 e
1292 1181 1434 1235 contrario
1449 1187 1539 1233 totam
1556 1195 1666 1234 ecurne
1683 1194 1783 1246 corpus
1799 1180 1861 1233 lico.
1897 1182 2024 1236 Totaos·

1222 1267 1272 1304 seu
1282 1259 1325 1305 est
1334 1252 1401 1316 ilex,
1422 1266 1531 1313 cornus,
1546 1250 1640 1312 robur,
1653 1249 1769 1317 cytisus,
1785 1264 1890 1315 morus,
1911 1251 2021 1317 ebenus,

1220 1322 1307 1384 lotos,
1325 1327 1354 1374 et
1365 1335 1435 1388 quae
1445 1321 1506 1373 sine
1517 1318 1640 1372 medulla
1650 1336 1711 1372 csse
1723 1319 1854 1372 diximus.

1255 1391 1364 1443 Ceteris
1381 1389 1521 1459 nigricans
1538 1387 1627 1440 color.
1663 1389 1754 1441 Falva
1767 1402 1879 1451 cornus,
1898 1388 1928 1440 in
1943 1404 2021 1441 rena·

1220 1460 1295 1511 bulis
1306 1458 1387 1522 nitet,
1407 1458 1537 1512 incisuris
1548 1458 1653 1509 nodata
1671 1464 1786 1525 propter
1796 1459 1935 1511 decorem.
1970 1458 2020 1512 Ca·

1221 1530 1296 1591 drus,
1316 1537 1346 1582 et
1365 1527 1446 1590 larix,
1467 1535 1496 1581 et
1513 1527 1657 1597 iuniperus
1673 1528 1784 1580 rubent.
1820 1525 2021 1582 Larixlemiua

1220 1597 1314 1662 habet,
1336 1612 1419 1664 quam
1431 1584 1649 1651 Graeci‘vocant
1666 1597 1777 1665 aegida,
1798 1598 1894 1650 mellei
1911 1597 2020 1651 column.

1220 1669 1363 1721 inventum
1376 1676 1419 1719 est
1448 1668 1567 1719 ictorum
1577 1667 1691 1721 tabellis
1701 1666 1870 1729 immortale,
1883 1666 2020 1735 nullisque

1221 1738 1309 1791 iissile
1320 1736 1408 1801 rimis,
1429 1682 1481 1788 Eoo
1492 1736 1608 1803 lignum.
1644 1735 1804 1789 Proximum
1820 1736 1958 1789 medullae
1970 1741 2019 1788 ost.

1220 1809 1250 1861 ln
1261 1807 1351 1861 abiete
1362 1806 1458 1858 leuson
1470 1806 1571 1858 Graeci
1581 1812 1690 1858 vocant.
1718 1806 1802 1859 Cedri
1812 1820 1923 1873 quoque
1932 1805 2021 1857 duris·

1221 1879 1299 1940 sima,
1320 1890 1391 1943 qnae
1408 1874 1547 1928 medullae
1565 1876 1703 1942 proximu,
1722 1882 1754 1925 ut
1770 1875 1799 1926 in
1811 1889 1930 1941 corpore
1948 1889 2021 1934 ossa,

1221 1947 1320 1999 deraso
1333 1945 1417 1998 modo
1427 1945 1505 1997 linro.
1542 1943 2022 1998 Etsambuciinteriorumirelirma

1221 2016 1376 2068 traduntur.
1423 2014 1550 2083 Namque
1571 2016 1619 2084 qui
1639 2014 1778 2068 venabula
1796 2028 1831 2066 ex
1854 2029 1889 2066 eu
1907 2012 2022 2076 faciunt,

1221 2083 1384 2152 praeierunt
1394 2084 1523 2138 omnibus
1533 2103 1540 2135 z
1552 2086 1740 2138 constatenim
1748 2098 1781 2136 ex
1793 2090 1856 2136 cute
1867 2088 1896 2136 et
1906 2083 2021 2134 ossibus.

1254 2153 1381 2207 LXXlV.
1400 2154 1485 2207 Caedi
1507 2157 1697 2222 tempestivum
1718 2168 1790 2221 quae
1807 2152 2022 2219 decorticentur,

1220 2230 1252 2275 ut
1263 2230 1377 2288 teretes,
1399 2223 1434 2276 ad
1450 2224 1556 2292 templu
1571 2230 1717 2290 ceteraque
1733 2238 1799 2274 usus
1819 2221 1939 2282 rotundi,
1960 2235 2020 2273 cum

1219 2293 1387 2361 germinant,
1405 2294 1476 2345 alias
1492 2295 1595 2346 cortice
1612 2291 1809 2356 inextricabili,
1831 2298 1861 2344 et
1872 2291 1946 2344 carie
1961 2291 2021 2342 sub·

1220 2368 1353 2416 nascente
1364 2363 1401 2426 ei,
1413 2364 1588 2430 austerisque
1599 2364 1783 2431 nigrescente.
1820 2362 1912 2430 Tigna
1922 2367 1952 2413 et
1963 2358 2023 2426 qul·

1219 2434 1271 2484 bus
1281 2431 1373 2485 aufert
1383 2434 1489 2485 securis
1501 2434 1643 2496 corticem,
1663 2433 1788 2485 abruma
1805 2432 1842 2485 ad
1852 2431 2019 2483 Favonium:

1221 2502 1303 2554 sntsi
1315 2503 1478 2569 praevenire
1492 2518 1633 2570 coguntur,
1654 2503 1767 2556 Arcturi
1783 2516 1893 2562 occasu,
1913 2508 1942 2555 et
1958 2504 2022 2553 ante

1221 2587 1284 2624 eum
1295 2570 1456 2625 Fidiculae:
1477 2573 1629 2626 novissima
1641 2573 1762 2637 ratione,
1783 2571 1916 2624 solstitio.
1952 2570 2022 2622 Dies

1219 2642 1343 2694 siderum
1355 2640 1456 2694 norum
1467 2641 1600 2695 reddetur
1615 2656 1667 2695 suo
1678 2643 1751 2695 loco.
1788 2642 1881 2709 Vulgo
1892 2639 1963 2693 satis
1974 2652 2023 2706 pu·

1220 2717 1282 2763 tant
1299 2712 1459 2777 observare,
1481 2727 1516 2765 ne
1535 2726 1589 2779 qua
1605 2711 1763 2765 dedolanda
1781 2711 1864 2762 arbos
1880 2714 2024 2761 sternatur

1220 2786 1287 2832 unte
1297 2780 1388 2831 editos
1398 2795 1464 2834 suos
1476 2780 1593 2834 fructus.
1630 2781 1725 2834 Robur
1736 2795 1800 2834 rere
1811 2793 1930 2841 caesum,
1950 2783 2024 2829 tere·

1220 2851 1313 2902 dinem
1333 2852 1433 2902 sentite
1452 2850 1552 2903 bruma
1572 2854 1675 2914 autem,
1695 2864 1783 2916 neque
1806 2849 1908 2911 viatm,
1931 2862 1967 2899 ne
1988 2859 2024 2898 ue

1220 2918 1366 2987 pandatur,
1377 2920 1449 2971 alius
1461 2919 1612 2970 obnoxium
1624 2921 1708 2970 etiam
1722 2925 1755 2968 ut
1764 2924 1894 2984 torqueat
1903 2930 1965 2968 sese
2015 2942 2024 2956 ·

1220 2988 1337 3053 datque:
1356 2987 1431 3053 quod
1451 2986 1480 3036 in
1499 2988 1600 3039 subere
1620 2986 1785 3051 tempestive
1806 3000 1918 3051 qnoque
1940 2998 2025 3037 caeso

1219 3055 1319 3109 evenit.
1355 3055 1494 3107 inlinitum
1506 3054 1595 3107 refert
1606 3060 1635 3107 et
1645 3053 1753 3105 lunurls
1762 3055 1849 3105 ratio:
1868 3068 1920 3105 nec
1931 3055 1991 3106 nisi
2008 3066 2026 3103 a

1217 3125 1350 3177 vicesima
1365 3124 1394 3177 in
1409 3123 1578 3177 tricesimam
1596 3121 1676 3176 caedi
1693 3121 1799 3174 volunt.
1836 3120 1913 3172 luter
1924 3135 2026 3174 omnes

1218 3209 1285 3247 vero
1295 3193 1434 3256 convenit,
1454 3193 1603 3246 utilissime
1620 3194 1649 3245 in
1660 3191 1736 3245 coitu
1748 3193 1807 3243 eius
1818 3190 1917 3252 sterni,
1940 3204 2025 3257 quem

1219 3258 1947 3326 diemaliiinterlnuii,aliisilentisinuaeappeilant.
1980 3259 2026 3312 Sic

1223 3338 1300 3386 certe
1310 3332 1441 3385 Tiberius
1451 3332 1554 3384 Caesar
1565 3336 1741 3383 concremato
1752 3335 1837 3396 ponte
1849 3327 2027 3381 naumachia·

1218 3402 1273 3465 rio,
1292 3402 1393 3454 larices
1404 3400 1440 3453 ad
1454 3401 1655 3455 restituendum
1674 3400 1754 3452 caedi
1768 3400 1798 3449 in
1814 3396 1933 3451 libretis
1943 3412 2026 3464 prae·

1220 3472 1317 3522 finivit.
1353 3470 1472 3534 Quidum
1484 3470 1588 3532 dieunt,
1606 3476 1640 3522 ut
1657 3472 1684 3520 in
1697 3469 1773 3521 coitu
1788 3475 1817 3522 et
1835 3468 1887 3519 sub
1899 3473 1978 3519 terre
1988 3467 2027 3518 sit

1221 3540 1316 3591 Luna:
1333 3539 1407 3605 quod
1419 3540 1481 3592 lieri
1492 3556 1547 3593 non
1563 3546 1659 3607 potest
1674 3538 1727 3589 nisi
1738 3543 1833 3589 noctu
1865 3538 1901 3589 At
1912 3536 1935 3587 si
1948 3551 2026 3587 com·

1219 3613 1314 3675 petunt
1330 3609 1422 3659 coitus
1437 3608 1466 3657 in
1488 3608 1668 3660 novissimum
1689 3608 1762 3659 diem
1778 3608 1903 3669 brumae,
1921 3604 2026 3657 illusit

1219 3681 1335 3727 aeterna
1344 3676 1492 3727 materies:
1510 3676 1648 3742 proxime,
1659 3689 1719 3728 cum
1731 3690 1816 3741 supra
1827 3674 1910 3727 dictis
1919 3673 2023 3726 sideri·

1218 3745 1280 3795 bus.
1317 3743 1436 3805 Quidam
1454 3750 1483 3795 et
1493 3743 1576 3795 Canis
1590 3749 1679 3795 ortum
1695 3742 1809 3807 addunt,
1830 3750 1858 3797 et
1874 3744 1915 3795 sic
1925 3758 2026 3796 maus

1219 3812 1349 3864 materies
1365 3812 1392 3861 in
1411 3811 1503 3863 sorum
1514 3812 1676 3878 Augustum.
1712 3812 1772 3865 Nec
1788 3812 1914 3865 novellae
1925 3820 2026 3866 autem

1219 3881 1254 3932 ad
1266 3880 1420 3947 materiem,
1443 3895 1494 3932 nec
1504 3886 1612 3932 veteres
1623 3881 1800 3935 utilissimae.
1837 3882 2026 3936 Circumcisus

1219 3963 1329 4017 quoque
1340 3948 1376 4000 ad
1387 3948 1537 4000 medullam
1550 3949 1843 4017 aliquinoninutilitcr
1853 3953 2025 4020 relinquunt,

1219 4026 1251 4070 ut
1261 4017 1351 4069 omnis
1364 4016 1464 4070 humor
1474 4020 1613 4071 stantibus
1626 4019 1738 4074 defluat.
1773 4021 1877 4073 Mirum
1888 4022 1964 4090 apud
1977 4039 2024 4077 an·

1219 4088 1312 4156 tiquos
1323 4086 1412 4153 primo
1422 4086 1528 4141 Punico
1538 4088 1614 4143 bello
1626 4090 1743 4144 classem
1754 4090 1855 4143 Duillii
1865 4092 2022 4158 Imperato-

1219 4158 1258 4208 ris
1271 4158 1304 4209 nb
1315 4156 1417 4210 arbore
1428 4159 1520 4210 excisa
1532 4158 1583 4211 Lx
1595 4159 1640 4212 die
1650 4162 1805 4228 navigasse.
1840 4158 1946 4213 Contra
1955 4178 2024 4215 vero

1219 4227 1371 4279 Hieronem
1383 4240 1477 4293 regem
1490 4227 1587 4281 CCXX
1602 4244 1687 4283 naves
1706 4230 1822 4283 effectas
1832 4229 1931 4283 diebus
1943 4232 2024 4285 XLV

1218 4296 1307 4349 tradit
1315 4298 1348 4349 1..
1360 4295 1436 4350 Piso.
1472 4296 1600 4352 Secundo
1617 4314 1726 4369 quoque
1737 4299 1841 4353 Punico
1855 4300 1940 4364 bello,
1960 4301 2023 4354 Sci·

1220 4367 1312 4435 pionis
1329 4366 1426 4420 classis
1444 4368 1495 4421 xl.
1512 4367 1557 4421 die
1573 4384 1591 4421 n
1606 4374 1696 4421 securi
1711 4369 1862 4438 navigavit.
1897 4372 2024 4423 Tantum

1219 4443 1276 4491 tem
1297 4437 1425 4489 estivitas
1435 4438 1520 4491 etiam
1531 4439 1560 4490 in
1571 4439 1670 4506 rapida
1680 4439 1825 4491 celeritate
1835 4438 1932 4503 pollet.

1252 4504 1280 4558 t.
1336 4504 1367 4559 V.
1388 4509 1457 4560 Cute
1473 4507 1614 4560 lronrinum
1632 4522 1753 4558 summus
1768 4507 1797 4556 in
1816 4505 1892 4555 omni
1904 4520 1967 4567 usu,
1990 4508 2027 4562 ds

1221 4576 1346 4629 materiis
1357 4575 1426 4629 haec
1437 4577 1542 4631 adiicit.
1579 4576 1689 4628 Prclum
1701 4591 1716 4626 e
1726 4573 1824 4639 supino
1835 4577 1898 4623 atra
1908 4576 2029 4639 potissi·

1222 4660 1295 4697 mum
1308 4644 1403 4698 lecito.
1430 4645 1562 4709 Ulmeern,
1575 4648 1693 4711 pineam,
1705 4655 1832 4693 nuceum
1852 4636 1925 4692 huuc
1935 4650 2027 4712 utque

1221 4715 1307 4768 aliam
1317 4713 1464 4766 materiem
1476 4729 1584 4767 omnem
1597 4728 1657 4764 cum
1670 4709 1796 4772 effodies,
1816 4707 1898 4761 Luna
1920 4709 2022 4769 deere-

367 4792 498 4848 mumque
509 4780 594 4831 etiam
605 4780 762 4860 sanguinisr
774 4782 847 4831 sicut
858 4796 921 4833 ossa
931 4797 986 4834 non
998 4780 1169 4834 hubentsor·
1221 4791 1316 4837 scente
1335 4782 1452 4835 eximito
1472 4789 1537 4848 post
1556 4780 1709 4841 meridiem,
1721 4780 1781 4832 sine
1802 4784 1885 4830 vento
1907 4781 2025 4837 Anemo.

365 4849 413 4913 ba,
425 4862 535 4901 curnem
546 4849 677 4910 sambuci,
686 4844 882 4915 (utplurimum
892 4850 1168 4917 smbnemedullamz)
1220 4854 1301 4906 Tunc
1319 4852 1374 4904 erit
1391 4851 1571 4917 tempestiva,
1591 4865 1651 4901 cum
1667 4863 1761 4901 semen
1777 4863 1857 4900 suum
1879 4856 2025 4905 maturum

364 4916 578 4974 necmundines
588 4915 836 4981 maioreeaparte.
1221 4924 1283 4974 erit.
1321 4922 1489 4986 cavetoque,
1511 4935 1545 4971 ne
1560 4934 1610 4986 per
1624 4932 1715 4970 rorem
1733 4917 1846 4981 malias,
1865 4926 1916 4972 aut
1930 4918 2024 4975 dolos.

400 4985 528 5040 Lxxllt.
547 4985 579 5036 ln
597 4983 768 5065 quarundam
785 4987 916 5040 arborum
929 4989 1168 5071 carnibuspnlpae
1218 4989 1351 5056 idemque
1370 5002 1449 5041 mox:
1469 4987 1720 5071 Nisiintermestri,
1740 4986 1873 5070 Lunaque
1893 4987 2026 5043 dimidia·

364 5054 1167 5189 {titulusitlffiititiiititinium.
1220 5063 1612 5180 {iiiitiuuiiiitin
1626 5056 2027 5195 inutilitatibus

366 5194 407 5257 tlt,
417 5198 449 5247 ut
459 5191 664 5258 aureadcaput
676 5191 762 5244 trabis
773 5193 926 5259 quamlibet
938 5197 1108 5265 praelongae
1118 5196 1166 5249 nd·
1219 5196 1300 5248 launa
1309 5196 1394 5262 plens
1404 5194 1498 5259 luerit,
1521 5196 1625 5264 optime
1636 5195 1776 5250 eximitur.
1812 5195 2025 5250 omninocave·

367 5271 454 5325 mota,
473 5262 546 5315 lctus
563 5263 597 5313 ab
614 5259 706 5312 altero
725 5262 817 5327 capite
834 5261 878 5313 rel
897 5262 1008 5330 graphii
1023 5267 1169 5328 sentiatur,
1219 5272 1250 5317 to
1260 5266 1366 5333 nigrum
1377 5266 1523 5319 materiam
1534 5266 1624 5331 doles,
1634 5281 1703 5318 nere
1713 5265 1822 5328 caedas,
1833 5281 1903 5319 nere
1913 5271 2026 5332 tangas,

366 5339 533 5402 penetrante
544 5331 628 5385 rectis
637 5328 773 5382 meatibus
782 5344 859 5382 sono.
896 5332 975 5387 Unde
986 5332 1169 5400 deprehendi·
1220 5335 1401 5388 nisisiccsmr
1419 5335 1905 5419 neregelidam,severorulentam.
1937 5334 2026 5388 'l¹ibe·

368 5412 425 5466 tar,
433 5417 470 5456 an
480 5408 557 5456 torta
565 5401 604 5453 sit
614 5400 754 5462 materies,
763 5398 900 5466 nodisque
912 5404 1032 5455 concisa.
1060 5404 1168 5466 Quibus
1219 5407 1278 5457 rius
1289 5403 1361 5458 idem
1374 5409 1402 5456 et
1412 5404 1440 5455 in
1451 5407 1553 5473 cupsllo
1568 5403 1709 5459 tondendo
1724 5405 1845 5459 samarit
1856 5402 2024 5457 interlunia.

368 5474 551 5535 sunttabera,
571 5470 613 5523 sic
633 5475 698 5522 sunt
717 5468 975 5537 incarnegiandia.
1010 5470 1041 5522 ln
1060 5472 1098 5523 iis
1117 5488 1168 5526 nec
1219 5474 1259 5527 M.
1271 5472 1361 5526 Varro
1371 5472 1503 5529 adsersus
1518 5474 1643 5532 defluvia
1654 5476 1798 5546 praecepit
1815 5471 2025 5529 observandum

368 5557 447 5604 rena,
469 5540 624 5610 necpnlpa,
641 5536 761 5610 quodum
773 5537 986 5592 callocarnisin
999 5542 1170 5595 seconvolu·
1218 5541 1457 5612 idapleniluniis.
