4368 6008
287 304 296 323 ·
358 297 422 353 ars
504 281 1153 350 c.rs1nrrsaconorusrura
1188 282 1379 340 aaaron
1408 278 1629 340 sis.xx11.
1665 282 1903 343 cnr.sr-5s.

358 438 477 494 infantis
502 436 599 490 boleti.
648 433 795 500 Rumpitur
812 430 882 485 haec
901 430 992 499 primo
1012 434 1158 483 nuceme:
1210 428 1352 499 copiosius
1374 433 1495 482 sumtum
1508 442 1559 481 aec
1573 427 1730 483 inflationes
1739 429 1842 496 facere,
1862 437 1893 485 et
1908 446 2010 487 conco·

255 500 263 521 ⁸
361 524 426 563 mox
437 510 616 567 increscente,
627 505 654 555 in
666 502 787 569 pediculi
799 516 900 568 corpus
911 500 1073 563 absumitur,
1084 513 1160 551 raro·
1210 502 1295 553 etioni
1316 500 1464 568 plurimum
1481 497 1608 550 conferre
1623 500 1733 552 senibus
1749 507 1778 553 et
1793 500 1918 554 feminis:
1937 504 2010 557 item

363 596 416 648 qne
427 591 545 643 unquam
557 574 671 643 geminis
683 585 717 623 ex
728 585 784 623 uno
795 569 874 637 pede.
893 571 988 637 ‘Origo
999 569 1087 638 prima
1097 583 1159 619 cau·
1210 569 1310 632 hieme,
1321 583 1402 636 quam
1415 573 1532 629 amiate,
1552 567 1655 632 utilius,
1675 576 1703 623 et
1712 578 1770 621 tum
1781 585 1878 638 aquam
1891 572 2011 624 bibenti·

363 663 450 717 esque
468 646 573 706 clinno,
594 650 622 694 et
642 647 786 693 acescente
806 654 889 691 succo
904 638 1043 691 madentis
1057 645 1159 699 terrae,
1210 641 1271 692 bus:
1290 637 1506 704 cavendumque,
1528 650 1563 688 ne
1584 651 1637 704 qua
1657 638 1731 689 intus
1747 639 1786 691 sit
1804 638 2010 694 exhulceratio.

364 727 414 773 aut
423 716 525 768 radicis
536 712 595 764 fere
605 709 791 779 glandiferae:
802 709 1040 775 initioquespuma
1050 707 1159 768 lentior,
1210 708 1250 760 sb
1262 706 1436 775 aegritudine
1452 705 1619 758 recreationi
1635 706 1731 758 elilcax
1741 708 1769 758 in
1780 709 1851 761 cibo.
1890 711 2012 778 Tempe·

365 789 428 841 dein
441 797 539 850 corpus
550 781 726 832 membranae
736 779 835 839 simile,
855 792 917 828 mox
930 784 1033 843 partus.
1072 775 1109 827 Ut
1119 776 1168 827 di·.
1211 778 1283 829 stira
1294 778 1367 828 enim
1379 776 1485 837 datum,
1497 774 1615 826 cauterii
1625 775 1679 828 rim
1691 777 1811 830 obtinet:
1833 780 1954 833 assuetis
1965 789 2010 834 et·

364 858 465 915 ximus,
476 852 523 903 illa
534 848 702 969 pernicialia,
712 863 826 915 prorsus
836 845 1027 913 improbanda.
1047 844 1078 897 Si
1088 846 1160 896 enim
1210 847 1265 898 iam
1276 847 1377 898 utilius
1398 858 1479 911 quam
1492 844 1662 912 expertibus.

366 922 496 991 caligaris
517 933 621 980 cavus,
642 918 742 969 ferrive
761 918 857 983 aliqua
876 917 985 982 rubigo,
1009 921 1058 965 aut
1079 913 1161 980 panni

1246 915 1288 968 Ad
1300 921 1398 968 extera
1408 927 1564 980 corporum,
1575 912 1745 965 indubitatas
1756 913 1946 968 confessiones
1959 917 2013 970 ha·

328 1030 342 1046 .
365 1006 473 1045 marcor
484 988 596 1041 affuerit
608 987 745 1048 nascenti,
765 999 872 1036 omnem
883 984 959 1035 illico
971 998 1081 1035 succum
1093 983 1161 1035 alie·
1210 985 1269 1037 bet.
1304 985 1420 1038 Venena
1430 983 1548 1035 telorum
1567 989 1594 1035 ei
1610 982 1779 1050 serpentium
1795 986 1953 1053 exstinguit
1964 1000 2014 1053 po·

364 1077 429 1115 num
442 1072 622 1126 saporemque
632 1057 661 1107 in
672 1069 806 1107 venenum
823 1054 986 1121 concoquit:
1008 1052 1160 1119 deprehen·

362 1132 440 1184 disse
452 1130 507 1197 qui,
518 1127 571 1178 nisi
582 1130 848 1191 agrestes,possuat,
859 1128 941 1189 atque
953 1121 999 1190 qui
1011 1119 1161 1190 colliguntl

367 1202 479 1253 Ducunt
489 1197 543 1263 ipsi
555 1195 611 1246 alia
622 1195 705 1244 vitia:
728 1198 756 1246 et
765 1193 875 1260 quidem
886 1193 910 1243 si
920 1193 1058 1259 serpentis
1067 1205 1163 1242 caver·

366 1284 403 1321 na
418 1271 498 1318 iuxta
513 1264 607 1326 fuerit,
628 1263 651 1314 si
670 1269 857 1329 patescentem
874 1262 963 1327 primo
979 1260 1162 1321 adhalaverit,

365 1338 460 1403 capaci
470 1348 634 1387 venenorum
647 1331 814 1399 cognatione
833 1330 867 1381 ad
879 1330 952 1381 virus
964 1327 1161 1396 accipiendum.

366 1407 462 1471 ltaque
473 1405 565 1457 careri
576 1402 740 1463 conveniet,
757 1400 833 1466 prius
845 1414 923 1466 quam
935 1414 965 1450 se
976 1398 1095 1450 condam
1107 1412 1162 1449 ser·

365 1482 469 1544 pentes.
505 1472 591 1537 Signa
601 1474 681 1522 erudt
690 1476 734 1522 tot
744 1468 853 1528 herbae,
859 1475 901 1519 tot
910 1468 1025 1519 arbores
1037 1468 1161 1518 liuticos·

366 1559 430 1612 que,
440 1544 475 1594 ab
487 1554 595 1592 emersu
606 1553 699 1589 earum
711 1537 746 1589 ad
760 1538 895 1589 latebram
907 1552 993 1604 usque
1005 1543 1160 1592 vernantes:

365 1621 395 1665 et
405 1610 450 1663 rel
461 1608 562 1660 fraxini
574 1614 680 1658 tautum
693 1605 771 1666 folia,
783 1621 833 1657 nec
843 1612 940 1674 postea
950 1609 1100 1666 nascentia,
1112 1619 1163 1657 nec

365 1687 430 1733 ante
441 1677 607 1729 decidentia.
643 1677 680 1727 lit
694 1674 796 1728 boletis
813 1674 925 1744 quidem
941 1681 1019 1729 ortus
1037 1688 1163 1728 occasus·

365 1747 519 1817 quaomnia
529 1748 604 1798 intra
616 1744 674 1797 dies
685 1752 790 1812 septem
800 1754 853 1798 est.
972 1751 984 1760 ·

399 1815 512 1870 XLVll.
530 1814 687 1883 Fungorum
709 1814 812 1867 lentior
833 1819 941 1876 natura,
963 1819 992 1866 et
1013 1826 1163 1865 numerosa

365 1900 475 1954 genera,
485 1883 535 1935 sed
546 1885 628 1951 origo
640 1899 694 1936 non
706 1885 760 1935 nisi
772 1899 806 1935 ex
814 1884 919 1949 pituita
930 1883 1069 1934 arborum.
1105 1882 1162 1933 Tu·

332 1978 336 2019 ;
364 1954 477 2016 tissimi,
506 1953 537 2003 ui
548 1954 651 2005 rubent
661 1952 743 2015 callo,
753 1953 844 2003 minus
855 1952 944 2004 diluto
956 1953 1067 2013 rubore,
1080 1965 1162 2017 quarn

364 2023 462 2077 boleti.
528 2036 563 2073 ox
575 2021 694 2084 candidi,
713 2023 790 2073 velut
805 2022 885 2088 apice
901 2020 1034 2072 Flaminis
1051 2019 1163 2087 insigni·

364 2094 417 2145 bus
427 2091 570 2158 pediculis.
598 2091 725 2143 Tertium
736 2090 922 2160 genussuiili,
932 2088 1045 2142 venenis
1056 2102 1163 2141 accom-

364 2161 558 2214 modatissinri.
594 2159 727 2212 Familias
749 2174 834 2225 nuper
855 2161 1031 2221 interemere,
1053 2166 1082 2209 et
1102 2164 1164 2220 tota

367 2230 501 2291 convivia,
510 2231 654 2281 Annaeum
665 2229 799 2281 Serenum
810 2228 979 2295 praefectum
990 2228 1110 2281 Neronis
1121 2226 1161 2277 vi-

365 2301 463 2370 gilum,
473 2305 502 2352 et
513 2299 646 2361 tribunos,
670 2299 909 2364 centurionesque.
946 2298 1022 2359 Quae
1032 2297 1162 2362 voluptas

365 2378 446 2423 tanta
466 2368 597 2434 ancipitis
613 2366 685 2419 cibii
720 2364 838 2429 Quidam
857 2367 1011 2420 discrevere
1032 2367 1162 2418 arborum

365 2439 524 2508 generibus,
544 2438 606 2498 ilco,
622 2436 720 2498 ferula,
740 2446 768 2490 et
780 2438 911 2503 gummim
923 2436 1090 2490 ferentibus:
1112 2449 1163 2487 nos

365 2510 433 2561 item
445 2506 520 2575 fago,
532 2514 580 2557 aut
589 2504 699 2569 robore,
709 2515 757 2558 aut
767 2522 908 2573 cupresso,
920 2512 951 2558 ut
961 2504 1090 2556 diximus.
1107 2502 1163 2556 Sed

365 2581 421 2630 ista
432 2579 491 2644 quis
502 2575 622 2641 spondet
631 2575 660 2626 in
672 2575 832 2627 venalibus!
868 2576 997 2629 Omnium
1014 2573 1090 2627 colos
1101 2572 1162 2624 liri·

367 2646 428 2698 dus.
462 2645 517 2696 llic
527 2644 641 2696 habebit
653 2645 752 2696 veneni
762 2653 964 2714 argumentum,
979 2659 1033 2712 quo
1043 2642 1163 2694 similior

366 2715 453 2767 fuerit
468 2714 598 2765 arborum
617 2713 670 2764 tici.
704 2713 843 2763 Adversas
861 2715 929 2762 haee
940 2715 1060 2759 dixunus
1077 2725 1163 2760 reme·

366 2783 420 2844 dia,
430 2784 620 2846 dicemusque:
635 2781 746 2830 interim
757 2784 822 2830 sunt
835 2779 928 2845 aliqua
939 2785 967 2830 et
977 2778 1005 2828 in
1018 2775 1069 2827 his.
1082 2776 1164 2841 Glauf

332 2890 336 2899 .
366 2854 425 2906 cias
439 2848 582 2901 stomacho
594 2849 676 2899 utiles
690 2854 768 2913 putat
786 2848 907 2900 boletos.
943 2847 1089 2900 siccantur
1100 2859 1164 2911 pen-

365 2922 462 2973 dentes
472 2917 560 2981 suilii,
581 2917 662 2967 iunco
683 2917 817 2977 transilii,
839 2916 933 2982 quales
945 2932 960 2966 e
972 2912 1105 2980 Bithynia
1116 2929 1161 2965 rs·

363 2992 451 3040 niunt.
488 2988 526 3037 lli
537 2984 706 3037 fluxionibus
722 2984 786 3044 alsi,
810 2998 877 3049 quas
895 2983 1107 3036 rheumatismos
1116 2997 1161 3032 ro·

364 3061 438 3116 cant,
449 3052 602 3115 medentur,
609 3053 887 3118 excrescentibusque
906 3054 932 3103 in
943 3052 1009 3105 sede
1019 3051 1160 3102 carnibus:

364 3125 493 3176 minuunt
505 3122 575 3172 enim
588 3136 643 3181 eas,
654 3126 683 3172 et
694 3126 818 3185 tempore
829 3122 983 3190 absumunt.
1020 3120 1089 3170 ltenr
1102 3119 1161 3171 len·

363 3192 491 3259 tiginem,
511 3197 539 3241 et
558 3190 702 3241 mulierum
718 3188 789 3239 sitia
805 3188 833 3239 in
846 3187 926 3239 facie.
963 3189 1107 3240 Lasaotur
1118 3196 1161 3241 et·

363 3265 429 3322 iam,
439 3268 470 3312 ut
482 3258 633 3326 plumbum,
646 3257 789 3310 oculorum
802 3258 1011 3310 predicamento.
1036 3256 1161 3309 Sordidis

364 3330 522 3383 hulceribus
534 3336 563 3382 et
572 3329 672 3396 capitis
689 3327 893 3396 eruptionibus,
914 3342 1012 3381 cenum
1023 3328 1161 3381 morsibus

364 3415 398 3453 ex
410 3414 482 3466 aqua
492 3400 647 3451 illinuntur.
1038 3442 1045 3448 .

399 3468 483 3519 Libet
494 3477 522 3519 et
534 3467 670 3534 coquendi
680 3466 747 3520 dare
756 3468 862 3537 aliquas
874 3482 1033 3521 consmunes
1044 3468 1073 3520 in
1085 3467 1161 3519 omni

364 3550 398 3588 eo
409 3550 511 3602 genere
521 3537 739 3600 observationes,
762 3539 870 3604 quando
882 3539 958 3602 ipsae
968 3538 1026 3589 suis
1036 3538 1161 3589 manibus

364 3604 484 3655 deliciae
499 3614 665 3668 praeparant
675 3604 747 3656 hunc
758 3607 847 3657 cibum
858 3608 959 3669 solum,
974 3616 1003 3659 et
1015 3609 1161 3676 cogitatio·

365 3687 400 3723 ne
411 3677 475 3723 ante
486 3678 644 3737 pascuntur,
664 3674 800 3725 coccineis
810 3675 959 3735 novaculis,
970 3681 1018 3725 aut
1030 3681 1160 3743 argenteo

363 3746 501 3808 apparatu
513 3739 674 3792 comitante.
712 3741 795 3793 Noxli
810 3750 890 3793 eruut
905 3743 993 3810 iungi,
1015 3744 1061 3810 qui
1073 3744 1101 3794 in
1113 3758 1159 3794 co·

363 3808 472 3877 quendo
484 3807 612 3863 duriores
627 3809 711 3860 dent:
731 3809 946 3871 innocentiores,
967 3812 1013 3876 qui
1029 3812 1102 3861 nitro
1115 3810 1162 3862 ad·

363 3878 423 3930 dito
441 3881 602 3948 coquantur,
622 3880 645 3928 si
665 3877 762 3944 utique
777 3886 992 3943 percoquuntur.
1028 3880 1161 3931 Tutiores

362 3949 430 4000 fient
442 3963 502 3999 cum
516 3961 599 3999 carne
610 3946 682 3998 cocti
694 3981 702 4008 ,
721 3952 770 3996 aut
779 3960 840 3997 cum
852 3944 981 4012 pediculo
993 3949 1055 4012 piri.
1092 3947 1160 4000 Pro·

361 4026 468 4070 suntet
480 4019 540 4085 pira
552 4014 697 4067 confestim
716 4021 815 4067 sumta.
852 4014 982 4067 Debellat
993 4030 1041 4068 eos
1052 4021 1081 4068 et
1091 4018 1161 4068 aceti

361 4096 471 4147 natura,
483 4085 624 4138 contraria
635 4085 679 4135 iis.

398 4156 524 4210 Xlnvlll.
543 4154 680 4206 imbribus
699 4156 864 4221 proveniunt
887 4153 980 4205 omnia
999 4151 1075 4205 haec.
1110 4154 1162 4206 lm-

362 4229 411 4279 bre
422 4235 450 4278 ct
462 4226 591 4293 silphion.
629 4223 713 4276 Venit
730 4224 816 4291 primo
835 4223 988 4290 ecyrenis,
1009 4230 1040 4273 ut
1057 4222 1162 4274 dictum

363 4304 413 4344 est.
452 4296 586 4363 ExSyria
607 4309 679 4344 nunc
700 4293 820 4344 maxime
840 4294 1017 4360 importatur,
1039 4292 1161 4344 deterius

362 4362 503 4423 Parthico,
524 4363 572 4415 sed
587 4364 698 4415 Medico
713 4362 819 4423 melius,
840 4363 980 4427 exstincto
991 4361 1065 4411 omni
1079 4362 1162 4429 Cyre·

360 4429 453 4491 naico,
466 4436 497 4481 ut
508 4430 637 4484 diximus.
675 4431 747 4484 Usus
760 4430 855 4500 silphii
867 4432 894 4482 in
907 4431 1059 4484 medicina:
1080 4427 1161 4482 folio-

360 4512 433 4557 rum,
452 4497 487 4548 ad
508 4501 664 4566 purgandas
686 4500 784 4554 volsas
802 4499 998 4568 pellendosque
1019 4506 1162 4552 emortuos

361 4574 473 4633 partus:
495 4565 686 4634 decoquuntur
697 4571 724 4621 in
735 4571 800 4622 vino
819 4569 884 4622 albo
895 4578 922 4622 et
935 4571 1063 4630 odorato,
1083 4572 1114 4619 ut
1123 4569 1163 4620 bi·

360 4637 444 4687 batur
455 4649 582 4687 mensura
601 4638 739 4690 acetabuli
758 4639 911 4691 abalineis.
946 4638 1037 4689 Radix
1049 4635 1162 4704 prodest

362 4704 474 4755 arteriis
485 4707 669 4769 exasperatis:
693 4714 722 4760 ei
731 4707 943 4760 collectionibus
953 4706 1097 4775 sangoinis
1107 4706 1163 4756 illi-

360 4773 446 4823 nitur.
492 4768 546 4822 Sed
557 4775 665 4828 incibis
678 4777 861 4844 concoquitur
870 4792 962 4846 aegre.
997 4776 1161 4828 inflationes

360 4840 430 4893 facit
450 4844 478 4890 et
498 4848 601 4892 ructus.
638 4844 740 4898 Urinae
755 4861 863 4914 quoque
884 4848 975 4898 noxia.
1013 4843 1161 4912 Sugiilatis

361 4925 423 4960 cum
435 4909 500 4959 vino
516 4917 545 4960 et
559 4910 622 4961 oleo
638 4914 813 4976 raucissima,
834 4924 863 4970 et
877 4931 939 4967 cum
955 4930 1021 4967 cera
1035 4915 1159 4967 strumis.

361 4976 504 5029 verrucae
515 4976 591 5029 sedis
603 4982 743 5035 crebriore
754 4984 814 5035 eius
825 4984 919 5037 suffita
930 4984 1040 5037 cadunt.

394 5047 496 5100 xcix.
527 5045 614 5098 lunser
633 5065 649 5101 e
667 5049 770 5116 silphio
792 5056 943 5119 proiiuens,
965 5069 1018 5121 quo
1039 5053 1160 5106 diximus

359 5114 453 5178 modo,
469 5116 544 5168 inter
554 5117 657 5168 eximia
667 5125 782 5172 naturae
793 5121 867 5176 dona
878 5133 1062 5185 numeratum,
1073 5122 1159 5190 pluri·

360 5187 415 5237 mis
426 5186 673 5252 compositionibus
688 5186 831 5243 inseritur.
865 5192 921 5245 Per
936 5208 966 5243 se
977 5201 1069 5246 autem
1081 5192 1107 5244 al
1129 5207 1159 5244 o·

359 5268 406 5308 res
416 5254 575 5317 excalfacit,
597 5261 694 5322 potum
705 5261 931 5313 nerrorumritia
942 5270 1086 5314 extenuat.
1109 5207 1161 5313 ἱε-

362 5326 446 5378 minis
459 5325 584 5377 daturin·
597 5325 671 5378 sino.
708 5325 744 5377 iit
759 5323 832 5377 lanis
848 5330 978 5381 mollibus
995 5329 1161 5383 admovetur

360 5394 459 5448 vulsae
476 5393 512 5446 ad
528 5409 637 5446 menses
654 5392 779 5445 ciendos.
814 5393 917 5447 Pedum
935 5398 1030 5451 claros
1042 5403 1159 5451 circum·

1211 1061 1285 1106 tum:
1302 1067 1336 1105 ex
1347 1067 1419 1120 aqua
1427 1051 1585 1103 vulneribus
1596 1050 1638 1104 his
1651 1050 1867 1103 circumlinitur:
1887 1057 2012 1122 scorpio·

1213 1138 1278 1174 num
1288 1128 1395 1175 tantum
1408 1120 1496 1189 plagis
1507 1136 1540 1174 ex
1551 1121 1626 1172 oleo:
1642 1120 1800 1173 hulceribus
1811 1136 1877 1174 reso
1888 1138 1943 1175 non
1954 1138 2011 1177 ma·

1213 1192 1416 1245 turescentlbus
1434 1205 1494 1241 cum
1512 1190 1603 1242 farina
1618 1189 1782 1252 hordeacea,
1799 1190 1846 1243 vel
1861 1190 2010 1246 ileosicoa.

1213 1260 1391 1314 Carbunculis
1402 1274 1462 1313 cuns
1474 1266 1545 1322 ruta,
1553 1259 1595 1311 sel
1607 1274 1668 1310 cum
1680 1259 1772 1323 melle,
1783 1260 1826 1311 rel
1839 1275 1888 1326 per
1898 1263 2009 1315 sevoco

1212 1331 1387 1398 superlitum,
1398 1336 1428 1381 ut
1439 1327 1569 1382 haereat:
1590 1329 1630 1380 sic
1638 1334 1667 1380 et
1677 1328 1711 1380 ad
1725 1332 1800 1380 canis
1811 1345 1928 1381 morsus.
1950 1331 2007 1384 Ex·

1213 1399 1399 1452 crescentibus
1416 1398 1489 1449 circa
1503 1398 1606 1459 sedem,
1622 1413 1682 1449 cunr
1700 1401 1820 1465 tegmine
1829 1398 1925 1451 Punici
1942 1401 2008 1452 nrali

1213 1484 1248 1522 ex
1260 1476 1339 1522 aceto
1352 1468 1504 1520 decoctum.
1540 1468 1641 1529 claris,
1660 1467 1709 1534 qui
1720 1468 1802 1535 vulgo
1813 1468 1949 1520 morticini
1961 1485 2007 1537 ap·

1213 1539 1360 1606 pellantur,
1380 1538 1455 1589 nitro
1472 1538 1568 1590 misto.
1604 1537 1749 1603 diopecias
1765 1538 1838 1589 nitro
1852 1544 1917 1590 ante
1927 1538 2008 1591 suba·

1214 1614 1274 1660 ctas
1285 1608 1375 1674 replet
1386 1606 1530 1668 rumeins,
1550 1611 1579 1657 ct
1590 1620 1681 1668 croco,
1701 1613 1750 1657 aut
1766 1606 1869 1673 pipare,
1890 1615 2008 1659 autmu-

1212 1678 1283 1729 rium
1297 1678 1369 1738 dmo,
1381 1682 1410 1728 et
1419 1682 1508 1726 aceto.
1545 1674 1697 1727 Perniones
1709 1690 1743 1727 ex
1754 1678 1815 1725 vino
1827 1673 1913 1738 fovet,
1934 1683 2007 1729 etex

1214 1746 1277 1801 oleo
1287 1752 1395 1798 coctum
1407 1745 1569 1809 imponitur:
1589 1743 1630 1795 sir
1646 1751 1675 1797 et
1687 1744 1770 1796 callo.
1806 1743 1897 1795 claris
1908 1744 2006 1811 pedum

1213 1814 1366 1883 superrasis
1377 1816 1540 1881 praecipuae
1557 1814 1699 1865 utilitatis.
1737 1814 1840 1866 Contra
1856 1828 1941 1881 aquas
1953 1826 2009 1867 ma·

1213 1886 1263 1946 las,
1275 1884 1438 1951 pestilentes
1448 1888 1563 1944 tractus,
1575 1883 1619 1934 sel
1631 1883 1700 1936 dies.
1735 1882 1766 1933 ln
1778 1884 1858 1944 tussi,
1877 1896 1940 1947 ura,
1960 1882 2009 1936 fel·

1212 1955 1249 2006 lis
1260 1954 1348 2006 reteri
1360 1950 1520 2014 suffusione,
1533 1949 1688 2020 hydropisi,
1705 1953 1897 2005 raucitatibus:
1916 1952 2009 2006 confe-

1213 2024 1277 2075 stim
1290 2023 1364 2074 enirn
1377 2030 1478 2087 purgat
1494 2019 1599 2085 fauces,
1620 2037 1770 2089 vocemque
1782 2021 1881 2076 reddit.
1916 2020 2006 2074 Poda-

1212 2106 1278 2161 gras
1290 2092 1318 2142 io
1332 2091 1449 2157 spongia
1464 2090 1584 2142 dilutum
1602 2106 1687 2159 posca
1698 2091 1777 2145 lenit.
1812 2090 1971 2144 Pleuriticis
1981 2090 2008 2142 in

1213 2161 1366 2213 sorbitione
1390 2161 1483 2210 sinum
1510 2162 1619 2226 poturis
1638 2162 1734 2213 datur:
1762 2160 2010 2222 contractionibus,

1213 2228 1437 2297 opisthotonicis,
1443 2230 1540 2281 ciceris
1548 2231 1737 2299 magnitudine
1744 2244 1806 2283 cera
1817 2229 2009 2287 circumlitam.

1212 2300 1244 2351 ln
1256 2301 1359 2366 angina
1376 2299 1577 2366 gargarizatur.
1613 2299 1833 2357 dnheiutoribus,
1852 2301 1922 2349 etin
1938 2299 2010 2349 tussi

1216 2373 1325 2420 vetusta
1339 2382 1399 2419 oum
1415 2382 1499 2436 porro
1517 2383 1552 2421 ex
1564 2375 1643 2421 aceto
1661 2371 1751 2420 datur:
1772 2381 1858 2434 aeque
1872 2382 1906 2417 ex
1927 2374 2009 2418 aceto

1213 2437 1257 2489 his
1266 2439 1314 2504 qui
1324 2438 1471 2504 coagulum
1483 2437 1564 2489 lactis
1576 2440 1741 2491 sorbuerint.
1775 2436 2008 2487 Praecordiorum

1214 2507 1287 2558 riiiia
1298 2507 1473 2572 syntecticis,
1495 2507 1680 2557 comitialibus
1692 2510 1720 2556 in
1731 2506 1806 2565 rino,
1815 2506 1844 2554 in
1855 2519 1929 2571 aqua
1941 2503 2010 2554 mul·

1213 2591 1245 2626 sa
1255 2576 1366 2642 linguae
1377 2575 1510 2641 paralysi.
1547 2573 1784 2626 Coxendicibuset
1794 2573 1951 2624 lumborum
1962 2573 2008 2624 do·

1214 2644 1320 2696 loribus
1333 2657 1393 2695 cum
1416 2643 1532 2694 decocto
1554 2643 1636 2695 melle
1657 2643 1785 2694 illinitur.
1821 2641 1883 2692 Non
1896 2655 2008 2692 censue·

1212 2708 2008 2849 litiattulisti:hid‘’tttitltiihilii

1213 2847 1360 2914 minis,qui
1371 2862 1401 2899 se
1412 2864 1446 2899 ea
1456 2848 1490 2900 de
1501 2864 1586 2901 causa
1595 2851 1789 2917 praecipitarit
1800 2864 1834 2900 ex
1846 2848 1914 2899 alto.
1926 2846 2009 2913 Quip-

1214 2932 1247 2985 pe
1262 2922 1357 2968 tauros
1377 2916 1530 2970 indanimat
1552 2921 1665 2971 naribus
1684 2919 1779 2971 illitis:
1801 2922 1943 2984 serpentes
1952 2915 2010 2967 ari·

1214 2986 1341 3038 dissimas
1360 2984 1415 3036 sini
1436 2986 1590 3039 admixtum
1610 2989 1722 3056 rumpit.
1756 2987 1821 3041 ldco
1844 3001 1895 3038 noc
1912 2984 2010 3055 inungi

1212 3056 1348 3107 suaserim
1362 3069 1422 3106 cum
1434 3057 1527 3108 Attico
1539 3057 1630 3121 melle,
1641 3059 1708 3111 licet
1718 3056 1900 3126 praecipiant.
1934 3057 2009 3118 Quas

1213 3123 1313 3176 habeat
1323 3124 1459 3177 utilitates
1474 3125 1626 3179 admixtum
1643 3129 1715 3190 aliis,
1736 3128 1898 3178 immensum
1917 3131 2011 3178 estre·

1212 3192 1299 3246 ferre:
1322 3200 1350 3247 ct
1362 3210 1412 3246 nos
1427 3194 1567 3262 simplicia
1582 3202 1752 3249 tractamus:
1775 3195 1906 3263 quonism
1924 3194 1954 3245 in
1966 3192 2010 3245 his

1212 3270 1336 3315 naturam
1353 3279 1415 3317 esse
1433 3270 1558 3331 apparet,
1580 3267 1681 3319 inillis
1697 3267 1884 3318 coniecturam
1899 3262 2009 3329 saepius

1212 3331 1351 3395 fallacem,
1373 3332 1443 3385 nulii
1453 3334 1522 3386 satis
1532 3336 1672 3389 custodita
1681 3335 1709 3386 in
1721 3335 1850 3386 mixturis
1861 3331 2009 3384 concordia

1212 3409 1326 3454 naturae
1338 3416 1371 3454 ac
1382 3404 1572 3471 repugnantia.
1608 3405 1671 3466 Qua
1682 3404 1715 3457 de
1726 3420 1756 3457 re
1768 3417 1832 3454 mox
1843 3403 1932 3470 plura.

1246 3472 1279 3523 L.
1298 3472 1360 3524 Non
1377 3480 1452 3524 esset
1473 3473 1565 3525 mellis
1585 3475 1739 3527 auctoritas
1753 3475 1781 3525 in
1798 3473 1887 3540 pretio
1909 3467 2009 3529 minor,

1212 3554 1292 3607 quam
1308 3541 1418 3603 laseris,
1436 3541 1464 3591 ni
1481 3543 1582 3611 uhique
1599 3551 1769 3596 nasceretur.
1805 3539 1952 3607 illudipsa
1965 3536 2007 3588 fa·

1212 3609 1321 3661 bricata
1341 3609 1379 3661 sii
1402 3616 1515 3662 natura:
1538 3612 1588 3663 sed
1600 3613 1665 3665 huic
1684 3612 1824 3680 gignendo
1846 3606 1960 3668 animal,
1976 3613 2007 3658 ut

1213 3677 1345 3730 diximus:
1362 3679 1521 3732 innumeros
1538 3679 1575 3732 ad
1591 3695 1667 3745 usus,
1688 3682 1713 3733 si
1731 3680 1841 3748 quoties
1851 3678 2009 3739 misceatur,

1212 3750 1399 3799 aestimemus.

1253 3814 1346 3866 Prima
1369 3815 1500 3882 propolis.
1512 3815 1637 3871 alvorum
1652 3819 1700 3884 (de
1719 3834 1773 3887 qua
1794 3818 2008 3877 diximus).acu·

1212 3883 1271 3935 lens
1283 3890 1312 3936 et
1323 3884 1511 3938 omnlsiniixa
1526 3902 1559 3940 co
1594 3890 1637 3940 ori
1653 3889 1792 3950 extrahit,
1813 3888 1912 3940 tubera
1922 3884 1998 3936 duca

1212 3953 1258 4015 tit,
1280 3952 1350 4034 dura
1362 3956 1518 4023 concoquit,
1538 3956 1574 4008 do
1588 3972 1651 4010 ores
1662 3973 1807 4010 nervorum
1819 3956 1929 4016 mulcet,
1952 3952 2010 4003 hul·

1213 4022 2009 4162 comni:affiddnpiprsaibtslbdididridfidnecs'tffddbputresca·

1213 4174 1245 4212 re
1266 4173 1386 4226 corpora
1405 4175 1458 4212 non
1479 4165 1563 4224 sinat,
1592 4165 1712 4218 iucundo
1733 4180 1833 4233 sapore
1852 4170 1934 4229 atque
1955 4172 2010 4210 non

1213 4241 1321 4294 aspero,
1341 4227 1398 4281 alia
1414 4244 1495 4299 quam
1511 4232 1580 4284 salis
1596 4232 1713 4287 natura?
1741 4235 1886 4293 Faucibus,
1909 4228 2009 4281 tonsil-

1213 4296 1258 4357 lis,
1269 4299 1397 4365 anginae,
1404 4301 1587 4370 omnibusque
1598 4304 1656 4356 oris
1666 4304 1814 4357 desideriis
1823 4301 2010 4357 utilissimum,

1213 4368 1403 4435 arescentique
1423 4369 1452 4420 io
1475 4370 1597 4423 febribus
1618 4375 1737 4443 linguae.
1774 4375 1830 4426 lam
1854 4383 1919 4423 vcro
1940 4366 2012 4434 peri·

1214 4436 1410 4500 pneumoolcis,
1434 4438 1589 4505 pleuriticis
1609 4444 1762 4496 decoctum.
1799 4442 1867 4492 item
1889 4435 2011 4487 vulneri·

1213 4503 1273 4564 bus,
1295 4519 1313 4556 a
1323 4514 1450 4572 serpente
1462 4512 1609 4574 percussis.
1644 4512 1681 4563 Et
1691 4518 1789 4563 centra
1799 4521 1905 4562 venena
1916 4505 2013 4569 hingo·

1215 4587 1283 4624 rum.
1320 4573 1487 4641 Paraiyticis
1500 4579 1527 4628 in
1547 4580 1650 4632 mulso:
1672 4596 1743 4646 quan
1766 4592 1826 4628 iram
1844 4572 2013 4628 suaemulso

1213 4640 1294 4695 dotes
1309 4651 1444 4696 constant
1480 4645 1537 4697 Mel
1559 4648 1673 4700 auribus
1688 4594 1841 4698 instillatur
1856 4657 1918 4694 cum
1936 4656 2014 4695 rosa·

1213 4724 1275 4762 ceo:
1298 4711 1393 4764 lendes
1410 4718 1440 4764 ct
1456 4711 1540 4766 foeda
1557 4717 1656 4783 capitis
1671 4713 1902 4765 snlnsalinnecat.
1941 4711 2015 4763 Usus

1212 4779 1368 4845 despumati
1383 4795 1493 4846 semper
1508 4784 1614 4848 aptior:
1632 4779 1804 4835 stomachum
1815 4786 1908 4829 tamen
1921 4777 2013 4841 inflat,

1211 4848 1296 4900 bilem
1307 4863 1342 4900 au
1364 4856 1402 4912 et,
1413 4849 1558 4902 festidium
1572 4860 1656 4914 creat,
1667 4857 1696 4904 et
1708 4849 1796 4903 oculis
1807 4860 1896 4914 perse
1907 4846 2013 4901 inutile

1212 4916 1300 4983 aliqui
1317 4863 1498 4970 arbitrantur.
1535 4920 1638 4971 Romus
1655 4918 1766 4987 qnidam
1782 4915 1900 4985 angulos
1917 4916 2013 4968 exhal-

1211 4994 1322 5039 ceratos
1338 4986 1421 5039 roella
1435 4989 1511 5056 tangi
1527 4988 1653 5042 suadent.
1689 4986 1784 5041 Mellis
1800 5000 1907 5047 causas,
1928 4995 2013 5055 etqua

1212 5053 1398 5117 differentias,
1407 5057 1596 5124 nationesque,
1607 5066 1636 5110 et
1646 5057 1856 5117 indicationem,
1865 5057 1893 5106 in
1907 5055 2011 5122 apium,

1211 5138 1243 5177 ac
1254 5123 1352 5177 deinde
1369 5124 1467 5178 florum
1483 5135 1582 5181 natura
1598 5127 1730 5191 diximus,
1753 5141 1813 5179 cum
1830 5124 1903 5177 ratio
1920 5123 2011 5190 operis

1211 5193 1298 5245 dividi
1308 5204 1421 5262 cogeret
1432 5196 1573 5249 miscenda
1583 5213 1690 5262 rursus,
1708 5202 1836 5250 naturam
1846 5207 1937 5246 rerum
1950 5207 2010 5260 per·

1211 5264 1499 5319 noscerarolentihus.

1246 5333 1292 5387 ld.
1310 5335 1342 5386 ln
1353 5335 1444 5388 mellis
1456 5336 1584 5403 operibup
1600 5343 1629 5388 et
1644 5352 1716 5404 aqua
1733 5335 1824 5387 mulsa
1839 5331 1954 5385 tractari
1966 5328 2011 5381 de·

1210 5405 1266 5457 bet.
1302 5401 1366 5455 nuo
1378 5417 1481 5471 genera
1493 5405 1567 5457 eius:
1586 5407 1696 5459 subitae
1706 5421 1738 5459 ac
1749 5403 1880 5464 recentis,
1891 5401 2011 5453 aiterum

361 5462 634 5545 scarificatosierro,
654 5464 770 5545 nilrtum
786 5465 1008 5518 ceraeextrahit.
1045 5469 1160 5522 Urinam
1211 5472 1388 5527 inveteratae.
1426 5476 1580 5542 Repentina
1599 5476 1763 5544 despumato
1782 5472 1865 5525 melle
1889 5467 2011 5536 praeela-

361 5538 418 5583 cret
428 5534 526 5586 creeris
536 5532 861 5601 magnitudmedsluturu.
897 5534 1023 5589 Andreas
1035 5538 1161 5606 spondet,
1211 5557 1268 5595 ram
1280 5543 1430 5599 utilitatem
1452 5542 1535 5598 habet
1545 5544 1644 5599 incibo
1655 5544 1862 5614 aegrotantium
1873 5539 1937 5599 leri,
1959 5536 2011 5587 hoc
